4918 6174
902 675 1180 744 OlithO.
1776 671 1800 739 9

327 891 388 960 aut
410 885 607 984 plantarum
632 883 861 985 geographia,
895 884 994 960 cuins
1021 892 1074 960 cat
1105 883 1286 959 ostendere
1315 892 1352 961 et
1385 882 1574 972 declarare,
1607 906 1677 982 qno
1700 884 1803 981 pacto

278 1011 446 1080 terrarum
480 1003 597 1093 orbis,
638 1001 704 1078 sub
742 1001 876 1077 diverso
916 1002 1010 1078 coelo
1055 1001 1224 1078 diversam
1268 1003 1374 1078 veluti
1407 999 1634 1102 vegetabilem
1671 1008 1803 1078 vestem

277 1122 417 1212 induat,
452 1148 538 1222 quo·
553 1133 653 1222 pacto
686 1121 842 1223 singulae
878 1122 1073 1221 plantarum
1108 1122 1238 1222 species
1277 1122 1547 1198 disseminantur
1575 1131 1612 1198 et
1637 1121 1802 1223 glisoant‚

279 1251 315 1318 et
335 1267 406 1343 qno
429 1243 533 1320 modo
555 1243 730 1343 pendeant
752 1241 869 1318 omnia
891 1267 934 1317 ex
956 1241 1042 1316 coeli
1069 1266 1108 1316 ac
1137 1241 1200 1316 soli
1225 1241 1439 1334 diversitate,

327 1371 389 1438 aut
421 1363 573 1438 studium
606 1361 896 1463 imperfectiorum
923 1361 1139 1461 plantarum,
1172 1385 1262 1461 quae
1294 1362 1374 1438 solis
1409 1361 1659 1461 microsoopicis
1685 1359 1832 1439 obser·.

281 1483 475 1559 rationibus
499 1491 590 1558 recte
615 1490 884 1583 cognoscuntur3
910 1483 945 1554 in
970 1479 1099 1580 quibus
1121 1480 1197 1579 typi
1221 1481 1323 1580 plane
1347 1481 1427 1557 novi
1449 1479 1611 1580 patefacti
1639 1487 1741 1568 sunt,
1765 1483 1802 1553 et
1900 1563 1904 1569 ,

281 1604 422 1702 quidem
443 1605 480 1679 in
505 1603 679 1679 nonnullis
702 1609 799 1676 tanta
819 1600 918 1699 copia
939 1608 979 1674 ιιι
1001 1623 1118 1674 earum
1145 1599 1275 1698 species
1297 1625 1442 1676 nomem
1467 1599 1606 1674 vincant
1629 1595 1803 1698 quidquid

279 1723 433 1798 Linnaao
455 1722 499 1796 de
523 1728 596 1796 tota
620 1745 656 1794 re
681 1719 838 1796 herbaria
860 1720 928 1794 illis
952 1718 1168 1818 temporibus
1187 1729 1260 1796 erat
1285 1729 1419 1797 notum.

329 1842 379 1916 Ut
414 1841 533 1939 paucis
569 1839 744 1916 absolvam
771 1884 821 1902 --
848 1845 982 1939 praeter
1018 1864 1076 1914 eos
1114 1839 1176 1938 qui
1210 1841 1275 1915 toti
1312 1849 1394 1917 sunt
1429 1841 1478 1916 in‘
1506 1831 1741 1916 describendis
1766 1843 1803 1913 ot

280 1960 522 2060 dignoscendis
544 1960 671 2060 plantis
693 1959 974 2060 perfectioribus,
999 1968 1060 2035 aut
1083 1959 1119 2035 in
1144 1961 1247 2036 cartis
1267 1959 1467 2049 ordinibus,
1492 1968 1554 2034 aut
1577 1958 1613 2033 in
1640 1955 1806 2057 peculiari

277 2079 398 2168 Flora,
422 2079 525 2154 hodie
549 2079 767 2178 reperiuntur
786 2079 1014 2178 Pteridologi,
1038 2080 1219 2181 Bryologi,
1251 2079 1447 2181 Myoologi‚
1472 2077 1683 2178 Phyoclogi,
1708 2079 1803 2152 Ana-

279 2200 387 2290 tomi,
427 2199 643 2299 Physiologi.
658 2259 665 2275 .
679 2259 707 2275 ..
747 2199 906 2276 Botanici
939 2223 1082 2288 omnes,
1128 2201 1190 2299 qui
1226 2225 1289 2300 pro
1325 2225 1362 2276 se
1397 2197 1546 2299 quisque
1585 2195 1804 2296 disciplinam

279 2319 474 2394 botanicam
503 2319 732 2419 amplificant,
761 2328 795 2394 at
825 2319 930 2394 simul
951 2343 1072 2394 omnes
1096 2318 1142 2394 ob
1165 2345 1202 2395 se
1225 2321 1336 2420 ipsam
1360 2319 1579 2418 disciplinam
1603 2324 1804 2417 expetentes

279 2439 406 2514 colunt.

327 2560 421 2657 Ergo
443 2558 480 2630 iu
501 2558 712 2631 immensum
733 2564 834 2632 aucta
856 2554 1037 2652 disciplina
1062 2555 1165 2631 homo
1189 2557 1346 2632 conscius
1375 2555 1443 2632 sibi
1465 2556 1577 2630 factus
1602 2561 1674 2642 est,
1697 2576 1805 2652 quam

280 2676 427 2776 pusillos
450 2675 524 2774 ipae
548 2676 593 2750 sit
617 2700 699 2774 prae
721 2675 780 2749 illc
804 2673 940 2752 infinita
968 2697 1084 2747 rarum
1110 2674 1341 2750 universitate.
1392 2673 1578 2748 Dementia
1612 2673 1645 2746 ei
1670 2671 1806 2748 videtur

279 2795 437 2881 credere,
461 2793 555 2868 illam
578 2793 817 2870 admirabilem
839 2800 998 2868 naturam
1020 2791 1130 2891 ipsius
1152 2816 1257 2868 causa
1278 2800 1314 2867 et
1335 2792 1373 2868 in
1396 2790 1507 2892 ipsius
1529 2790 1805 2869 emolumentum

279 2939 373 3003 esse,
418 2912 528 2988 nteit
556 2913 649 2988 unde
676 2913 802 2988 habeat
835 2912 1018 3002 alimenta,
1054 2912 1277 3003 vestimenta,
1315 2917 1468 3002 metum,
1505 2912 1641 3001 lucem,
1677 2910 1804 2988 omnia

280 3034 397 3109 Multo
420 3033 532 3109 maius
557 3041 592 3107 et
617 3033 894 3133 magnificentius
921 3033 958 3108 in
982 3032 1036 3107 his
1059 3033 1194 3123 inesse,
1219 3058 1324 3132 qnam
1350 3041 1390 3106 ut
1412 3031 1514 3107 nobis
1538 3030 1628 3106 vitae
1657 3029 1806 3106 admini-

279 3153 358 3233 cula
382 3152 624 3254 suppeditent3
647 3161 914 3253 perscrutatores
943 3161 1085 3229 naturae
1109 3160 1320 3254 agnoscunt,
1354 3176 1480 3252 nempe
1513 3151 1595 3241 hoc,
1632 3157 1672 3227 ut
1702 3151 1807 3226 homo

279 3273 411 3349 ratione
442 3273 639 3373 praeditus,
673 3274 815 3349 sublimi
848 3299 930 3350 snae
962 3283 1191 3373 congruenter
1223 3280 1384 3361 naturae,
1416 3271 1482 3346 hoe
1509 3277 1609 3370 agat,
1636 3277 1677 3344 ιιι
1700 3269 1806 3346 huius

282 3392 432 3468 universi
454 3393 622 3468 rationem
644 3393 844 3494 perspiciat,
871 3403 910 3468 ut
929 3393 1143 3492 introspiciat
1166 3392 1320 3468 inillam
1343 3389 1580 3467 incredibilem
1604 3388 1805 3466 varietatem

281 3537 321 3586 ac
344 3514 475 3612 copiam
500 3520 536 3587 et
558 3513 754 3589 interiorem
778 3537 893 3590 rarum
915 3513 1151 3588 concinentem
1177 3512 1403 3588 harmoniam.

329 3747 373 3823 ln
398 3748 464 3823 hoc
488 3756 622 3823 mutato
650 3771 765 3823 rarum
792 3756 885 3825 statu
912 3749 998 3824 mihi
1022 3749 1134 3824 visum
1159 3758 1230 3839 est,
1255 3750 1291 3824 in
1318 3749 1475 3824 hodierni
1499 3749 1569 3824 diei
1596 3747 1804 3825 solennitate

284 3868 421 3945 dicendi
449 3875 694 3967 argumentum
720 3869 784 3943 hoc
810 3893 944 3943 sumere
971 3877 1011 3943 ιιι
1033 3870 1233 3945 ostendam:

338 3991 509 4070 Quaenam
532 3991 721 4063 intercedat
742 3991 958 4064 necessitudo
982 3987 1184 4065 Botomicam
1206 3987 1297 4064 inter
1322 3997 1358 4063 et
1381 3987 1577 4062 Humanam
1600 3989 1803 4062 Societatem

284 4117 319 4184 et
343 4109 554 4206 Diamplinaa
574 4109 803 4183 Academicos.
1506 4103 1508 4112 '

333 4228 387 4300 De
411 4251 481 4326 qua
502 4253 540 4302 rc
564 4251 620 4303 me
644 4227 816 4303 dicentem
842 4227 1016 4303 benevolis
1040 4227 1183 4303 auribus
1206 4227 1399 4325 animisque
1426 4225 1555 4301 audite.

332 4463 534 4562 Numquid,
570 4464 721 4563 primum
748 4465 857 4564 igitur
877 4489 1061 4565 rogamus,
1087 4491 1130 4540 ex
1152 4465 1215 4540 hac
1241 4465 1397 4565 digniore
1419 4472 1455 4539 at
1481 4463 1680 4542 sublimiora
1701 4461 1805 4536 disci·

285 4582 398 4682 plinae
433 4582 671 4659 aestimatione
706 4584 850 4659 societas
886 4583 1038 4660 humana
1076 4585 1166 4685 cepit
1202 4585 1425 4660 detrimenti?
1474 4585 1682 4682 Comparate
1717 4579 1806 4656 milri

285 4702 425 4802 aliquis,
462 4728 550 4802 quos
575 4704 707 4779 fruetus
734 4704 818 4779 olim
845 4704 1044 4803 disciplinae
1071 4705 1231 4804 physicae
1256 4704 1539 4778 vitaehumanae
1570 4702 1744 4791 tulerunt,
1768 4707 1805 4776 et

286 4846 372 4922 quos
409 4823 511 4898 hodia
546 4823 671 4900 ierunt.
722 4825 769 4898 iit
803 4823 954 4923 prolecto
985 4847 1048 4925 par
1079 4832 1151 4913 est,
1189 4823 1219 4899 si
1251 4847 1356 4922 quam
1389 4822 1575 4899 utilitatem
1609 4845 1652 4897 err
1686 4843 1803 4897 rerum
1839 4837 1859 4885 ι

1637 4944 1660 5016 2
