4864 6180
670 577 737 646 100
849 625 852 632 ,
1268 572 1599 644 G.KOSTER

676 783 867 860 sexcenties
896 784 941 858 de
970 783 1034 858 hoo
1063 782 1163 856 illove
1192 780 1409 880 pathologiae
1441 784 1552 881 capite
1586 781 1836 879 disputationes
1864 779 2066 853 inserendae
2093 789 2194 870 sunt,

676 903 727 979 ita
760 914 798 978 nt
830 905 984 979 nondum
1022 927 1131 977 unum
1170 912 1206 976 et
1239 901 1406 1000 simplex,
1445 903 1506 976 sed
1539 903 1687 977 mixtum
1719 911 1824 998 atque
1859 898 1989 973 variam
2016 899 2196 999 utriusque

678 1022 852 1099 doctrinae
882 1025 927 1098 sit
954 1023 1121 1099 studium.
1172 1023 1215 1095 in
1245 1021 1308 1096 bac
1333 1033 1589 1108 antemnarum
1617 1020 1813 1096 conditione
1838 1043 1931 1094 nuno
1954 1020 2074 1094 saltem
2102 1030 2137 1093 et
2160 1021 2195 1095 in

676 1147 872 1244 proximum
904 1154 1042 1244 tempus
1073 1142 1361 1242 acquiescendum
1397 1155 1470 1234 est,
1506 1154 1542 1218 et
1573 1143 1755 1242 specialem
1778 1139 2010 1238 pathologiem
2036 1139 2196 1215 abolendi

675 1265 920 1338 nonnullorum
943 1276 1088 1339 conatus
1110 1263 1321 1362 praeposteri
1344 1263 1494 1337 habendi
1516 1274 1608 1337 sunt.

627 1460 630 1477 ‚
726 1386 769 1458 ln
798 1384 949 1484 perlecta
977 1394 1114 1472 eutem,
1149 1407 1254 1481 quam
1281 1383 1450 1471 indicavi,
1476 1382 1694 1482 pathologiae
1716 1378 1932 1467 conditione,
1969 1380 2047 1454 libri
2070 1382 2115 1454 ds
2137 1382 2193 1456 cli·

676 1504 775 1592 nica,
809 1505 880 1579 sive
912 1505 1082 1578 medicina
1111 1504 1275 1602 practica,
1310 1512 1425 1577 essent
1459 1510 1739 1602 quaererentur
1767 1499 2196 1598 monographiaeclinicae

677 1624 715 1697 id
749 1633 819 1698 est:
854 1625 992 1698 morbos
1026 1623 1234 1721 explicarent
1263 1623 1298 1695 in
1326 1633 1514 1721 systemata
1540 1623 1718 1710 redactos,
1748 1645 1866 1694 eornm
1895 1619 2096 1719 diagnosin,
2121 1647 2195 1720 pro·

677 1770 836 1843 gressum
870 1754 906 1817 et
935 1744 1174 1818 tractationem
1205 1743 1423 1817 enucleantes
1431 1775 1441 1829 ;
1476 1744 1560 1816 dum
1600 1739 1881 1840 pathogeneticoe
1914 1747 1950 1813 et
1988 1740 2194 1840 physiologi·

679 1889 739 1938 cae
777 1863 1107 1951 animadversiones,
1145 1888 1234 1962 quae
1262 1862 1365 1936 hodie
1399 1873 1558 1961 magnam
1585 1862 1721 1935 illorum
1747 1859 1912 1933 librorum
1938 1870 2071 1956 partem
2098 1886 2194 1935 occu·

678 1991 784 2084 pant,
823 1996 1119 2082 emungerentur,
1158 1983 1287 2082 quippe
1323 2007 1365 2056 ex
1403 1983 1611 2081 praegressis
1644 1979 1869 2080 pathologiois
1901 1979 2106 2054 lectionibus
2128 1981 2193 2056 iem

678 2103 848 2204 cognitae.

728 2224 783 2296 Ex
820 2222 879 2310 iis,
916 2247 1006 2322 quae
1040 2222 1133 2312 diri,
1172 2221 1393 2320 perspicuum
1430 2230 1499 2310 est,
1535 2223 1572 2296 ni
1607 2222 1725 2309 lallor,
1765 2219 1980 2320 pathologiae
2003 2229 2038 2294 et
2057 2220 2195 2295 clinicae

679 2367 782 2417 suum
804 2343 929 2441 cuique
953 2344 1019 2417 iter
1041 2343 1318 2442 persequendum
1343 2366 1440 2430 esse,
1467 2342 1528 2415 sed
1552 2365 1687 2440 semper
1708 2341 1757 2415 ita
1780 2351 1819 2415 ut
1839 2340 1980 2415 alterius
1999 2365 2196 2438 progressus

676 2463 820 2538 alteram
854 2488 923 2536 non
958 2463 1097 2539 lateant.
1149 2464 1282 2538 Pariter
1310 2489 1353 2536 er
1381 2463 1502 2537 iisdem
1530 2463 1708 2560 sequitur,
1732 2461 1870 2559 opinor:
1897 2461 2062 2558 peculiari
2084 2462 2194 2536 cathe-

677 2582 739 2657 dra
777 2582 1011 2681 pathologiae,
1047 2583 1215 2658 latissimo
1251 2609 1355 2658 sensu
1389 2583 1438 2657 sic
1473 2583 1606 2671 dictae,
1642 2580 1748 2656 careri
1782 2604 1850 2654 non
1878 2605 1988 2678 posse.
2039 2583 2196 2680 Angusta

677 2709 769 2774 esset
799 2700 969 2773 sentiendi
992 2701 1099 2789 ratic,
1125 2726 1234 2798 quae,
1259 2703 1304 2774 ob
1327 2703 1561 2800 imperfectam
1586 2701 1768 2774 hodiernae
1791 2701 2008 2800 pathologiae
2032 2703 2192 2776 conditio·

676 2843 776 2906 nem,
809 2819 1032 2893 contenderet
1059 2821 1135 2894 eius
1161 2821 1416 2893 institutionem
1440 2846 1518 2895 cum
1545 2837 1722 2894 anatomes
1746 2822 1799 2895 vel
1819 2821 1957 2895 clinices
1984 2823 2195 2896 institutione

676 2938 853 3036 aptissime
888 2939 1053 3038 coniungi
1090 2965 1201 3038 posse.
1252 2940 1358 3013 Nam·
1382 2965 1495 3039 neque
1528 2954 1706 3016 anatomes
1744 2941 1897 3016 ambitus
1932 2941 1996 3016 lroc
2028 2943 2195 3032 admittit,

675 3085 740 3134 nec
782 3059 1029 3158 negligendum
1071 3071 1124 3133 est
1160 3060 1385 3134 Academiam
1428 3085 1495 3134 non
1545 3062 1656 3143 solum
1697 3061 1871 3135 studiosae
1908 3061 2100 3137 iuventutis
2138 3089 2194 3160 pa·

676 3180 835 3256 laestram
862 3205 956 3268 esse,
990 3181 1052 3254 sed
1077 3181 1180 3254 simul
1205 3182 1396 3270 officinam,
1421 3182 1458 3254 in
1488 3207 1558 3279 qua
1579 3207 1699 3256 omnes
1728 3182 1933 3281 cognitionis
1958 3195 2096 3258 nostrae
2122 3209 2193 3281 par·

673 3309 728 3375 tes
761 3300 1002 3374 examinantur
1035 3309 1071 3374 et
1099 3303 1321 3390 excoluntur,
1357 3313 1397 3376 ut
1429 3303 1634 3376 solidissima
1659 3313 1794 3376 tentum
1822 3303 1977 3378 doctrinis
2002 3305 2192 3379 adolescan-

673 3420 763 3493 tinm
787 3419 925 3516 ingenia
950 3420 1164 3496 imbuantur.

723 3539 800 3611 Iam
832 3539 968 3612 confido
1007 3565 1062 3612 me
1098 3542 1181 3615 satis
1215 3541 1388 3630 effecisse,
1426 3553 1465 3616 ut
1499 3543 1695 3642 pathologia
1726 3558 1842 3616 nostro
1872 3543 2013 3641 quidem
2043 3553 2194 3644 tempore

675 3656 866 3732 medicinae
902 3655 1092 3730 cultoribus
1127 3657 1192 3731 rite
1224 3659 1380 3732 tradatur
1406 3669 1442 3734 el
1468 3662 1629 3759 peculiari
1656 3661 1732 3736 eius
1758 3663 1895 3738 doctore
1920 3689 2008 3763 opus
2034 3689 2125 3752 esse,
2158 3675 2194 3738 et

675 3775 864 3854 maioribus
887 3775 1033 3873 opibus,
1060 3802 1163 3875 quam
1191 3778 1319 3874 quibus
1342 3804 1434 3852 nunc
1460 3781 1579 3854 utitur.
1618 3783 1719 3858 Quae
1744 3784 1778 3855 in
1803 3784 1878 3882 lege
1901 3784 1945 3858 de
1971 3784 2189 3858 Institutione

674 3897 848 3997 superiore
881 3896 963 3968 clim
1002 3895 1065 3970 bac
1101 3897 1145 3971 de
1180 3921 1217 3969 re
1249 3899 1457 3996 praescripta
1497 3910 1597 3987 sunt,
1633 3911 1702 3975 tarn
1737 3928 1858 4000 parom
1885 3905 2002 3978 stricta
2028 3915 2128 3991 sunt,
2154 3913 2192 3978 ut

674 4017 821 4092 civitatis
853 4015 1161 4114 gubernatoribus,
1197 4017 1226 4090 si
1258 4019 1476 4116 pathologiae
1507 4021 1759 4096 institutionem
1785 4024 1992 4122 amplificare
2019 4036 2054 4097 et
2077 4050 2190 4099 emen·
2280 4071 2284 4082 ·

674 4135 757 4211 dare
789 4137 997 4233 cupiissent,
1028 4135 1172 4210 facultas
1199 4161 1391 4235 numquam
1417 4139 1601 4214 doluisset!
1643 4144 1781 4216 Etenim
1805 4169 1962 4242 perversa
1989 4144 2075 4219 mihi
2102 4147 2189 4219 vid'e·

673 4263 732 4328 tur
766 4253 915 4351 vulgaris
951 4253 1154 4350 explicatio,
1194 4257 1292 4352 quasi
1325 4257 1542 4356 pathologiae
1576 4261 1749 4336 institutio
1791 4264 1998 4361 praescripta
2035 4265 2071 4338 in
2108 4267 2191 4364 legis

672 4375 749 4450 Art.
786 4376 832 4448 63
868 4373 1099 4471 pathologiam
1130 4375 1324 4472 generalem
1352 4385 1488 4451 tentum
1515 4379 1721 4478 designaret.
1771 4383 1840 4456 Hic
1861 4384 1975 4458 omnia
1999 4385 2192 4482 pendente

674 4494 765 4568 vocis
803 4494 1044 4593 rpethologia”
1076 4494 1324 4592 significatione
1333 4530 1342 4583 ;
1377 4523 1486 4594 quum
1513 4525 1591 4573 vero
1614 4501 1648 4574 in
1677 4502 1751 4598 lege
1775 4502 1869 4575 nulle
1892 4503 2023 4577 ratione
2047 4505 2189 4581 circum·

673 4613 799 4710 scripta
834 4613 900 4702 sit,
936 4612 1134 4712 ampliorem
1169 4614 1263 4688 illam
1298 4642 1402 4713 quam
1436 4619 1539 4692 modo
1571 4603 1717 4718 protuli,
1743 4622 1979 4708 definitionem
2001 4649 2082 4700 cum
2106 4627 2191 4725 legis

674 4731 815 4829 quidem
849 4733 961 4807 verbis
994 4742 1030 4806 et
1061 4758 1165 4808 sensu
1197 4735 1327 4832 optime
1356 4762 1566 4836 congruere,
1600 4750 1676 4814 tuto
1701 4743 1880 4839 perhibere
1905 4741 1994 4817 licet.
2046 4746 2191 4822 Gaudeo

2388 2711 2390 2822 l

2388 3074 2389 3168 l

2388 3169 2389 3248 ι

2388 3293 2390 3374 l
