4918 6174
687 659 731 724 at
1190 655 1231 722 G.
1266 655 1299 723 li.
1336 657 1375 722 ll.
1410 655 1696 721 SUlllllGdll

688 873 725 935 et
757 863 792 935 in
833 885 912 934 suas
947 869 1061 959 partes
1098 859 1305 934 resolvendis
1342 861 1446 936 rebus
1482 859 1692 959 quibusdam
1730 885 1816 957 ques
1853 869 1976 936 ustura
2010 861 2100 959 parit
2134 887 2208 958 per·

689 981 858 1081 vulgatis,
896 987 951 1067 st,
985 978 1014 1052 si
1046 979 1091 1053 de
1127 978 1254 1079 plantis
1281 989 1342 1054 aut
1368 979 1576 1054 animalibus
1609 1002 1713 1078 agere
1746 1003 1815 1054 non
1848 979 1995 1070 sufficit,
2031 1003 2092 1078 per
2121 980 2209 1054 vices

688 1098 854 1174 nonnulle
890 1123 979 1198 quae
1012 1097 1048 1171 in
1075 1097 1277 1195 quotidiano
1306 1097 1395 1172 vitae
1427 1122 1493 1174 usu
1529 1107 1708 1174 versantur
1739 1123 1782 1172 er
1810 1097 1951 1198 physice
1981 1107 2044 1174 aut
2076 1098 2208 1176 cbemia

686 1219 917 1318 explicentur,
941 1225 1002 1292 aut
1024 1215 1224 1290 intendatur
1248 1217 1385 1292 enimus
1413 1215 1447 1292 in
1473 1217 1559 1292 coeli
1585 1229 1694 1306 astra,
1726 1227 1761 1292 at
1786 1217 2104 1294 animadvertantur
2127 1244 2205 1294 con·

688 1337 859 1412 versiones
880 1362 970 1436 quae
994 1335 1121 1411 cadant
1142 1336 1178 1409 in
1202 1336 1328 1411 oculos.

735 1458 864 1532 Omnis
892 1457 1018 1556 puriter
1048 1454 1146 1528 utilia
1171 1467 1273 1543 suut,
1310 1457 1501 1531 dummodo
1525 1484 1547 1532 a
1575 1456 1711 1556 propria
1741 1456 2028 1555 contemplatione
2056 1457 2203 1556 proficis·

684 1588 816 1653 centur.

736 1699 791 1772 An
821 1709 903 1770 sunt
934 1696 1054 1770 eadem
1080 1696 1308 1795 impertienda
1327 1696 1389 1784 iis,
1420 1694 1549 1795 quibus
1573 1719 1639 1770 nou
1666 1703 1719 1770 est
1740 1695 1923 1772 consilium
1945 1695 2079 1770 entibus
2107 1705 2205 1770 natu·
2288 1701 2292 1710 '

686 1816 816 1890 ralibus
837 1815 918 1891 dare
938 1818 1106 1915 operam?
1155 1817 1212 1890 An
1233 1840 1312 1890 eum
1332 1814 1493 1889 omnibus
1516 1814 1702 1890 liberaliter
1721 1815 1877 1912 educatis
1895 1814 2031 1915 aliquae
2050 1814 2205 1888 notiones

685 1961 799 2010 rerum
837 1935 1045 2009 naturalium
1077 1935 1384 2010 communicandae
1413 1937 1522 2008 sunt?
1575 1936 1707 2010 Paucos
1735 1935 1772 2008 id
1805 1935 1906 2010 hodie
1937 1934 2084 2009 arbitror
2105 1958 2205 2033 nega·

687 2063 802 2141 turos,
838 2063 899 2129 aut
932 2054 1171 2142 dubitaturos,
1210 2064 1340 2155 quanta
1372 2053 1422 2128 vis
1454 2055 1489 2128 in
1525 2054 1652 2130 talibus
1681 2055 1766 2130 insit
1799 2055 1845 2130 ad
1873 2055 2062 2130 acuendam
2093 2055 2206 2128 obser·

687 2175 789 2249 vaudi
819 2173 1064 2271 iudicandique
1093 2173 1291 2250 facultatem
1322 2181 1383 2248 aut
1414 2172 1458 2248 ad
1484 2173 1618 2272 pulchri
1655 2199 1795 2249 sensum
1827 2175 1949 2250 acriter
1979 2174 2204 2250 incitandum.

685 2287 950 2391 Iniquissimum
978 2317 1059 2367 sane
1085 2293 1189 2380 foret,
1215 2317 1358 2367 excussa
1382 2292 1564 2390 tyrannide
1588 2291 1778 2369 litterarum
1805 2295 1905 2369 cuius
1924 2305 2118 2394 pertaesum
2140 2304 2206 2382 est,

686 2436 809 2486 novam
850 2411 1011 2487 inducere
1048 2437 1161 2486 rerum
1205 2411 1412 2486 naturalium
1452 2411 1688 2510 tyrannidem,
1729 2437 1818 2512 quae
1857 2437 2068 2512 quamquam
2105 2412 2207 2487 buius

687 2531 814 2606 saeculi
847 2531 1069 2630 opinionibus
1107 2531 1385 2618 convenientior,
1432 2539 1548 2606 tamen
1586 2556 1654 2607 non
1692 2534 1808 2608 minus
1842 2559 1999 2633 perversa
2034 2557 2110 2608 esse
2146 2557 2206 2632 pu·

687 2650 791 2725 tande
815 2659 878 2724 est.

737 2769 805 2843 Sed
840 2769 904 2842 hoc
937 2770 1033 2856 volo,
1072 2770 1155 2843 haec
1188 2767 1273 2842 mibi
1302 2767 1511 2865 aequissima
1543 2777 1597 2842 est
1629 2769 1835 2868 postulatio,
1867 2795 1911 2844 ne
1939 2793 2091 2867 unquam
2115 2780 2207 2867 post·

687 2888 771 2977 bac,
817 2897 856 2962 ut
892 2887 972 2961 olim
1014 2887 1142 2975 fiebat,
1187 2886 1370 2985 adspectus
1404 2911 1568 2963 amoenae
1609 2896 1754 2966 naturae
1790 2891 1948 2965 consulto
1984 2891 2090 2966 oculis
2126 2889 2206 2964 sub·

686 3007 852 3080 trahatur.

738 3126 894 3200 Multum
921 3126 1127 3224 profecimus
1150 3127 1244 3201 hisce
1275 3127 1375 3203 annis
1397 3127 1433 3201 in
1458 3129 1684 3228 intelligendo
1712 3132 1835 3229 quanti
1868 3130 2034 3206 momenti
2058 3131 2102 3204 ad
2127 3130 2207 3204 libs·

690 3246 794 3320 ralem
823 3245 1076 3320 institutionem
1107 3254 1198 3320 esset
1229 3255 1372 3322 naturae
1401 3249 1656 3348 contemplatio.
1708 3250 1914 3325 Rectissime
1944 3260 2081 3350 recepta
2100 3249 2209 3324 estin

691 3364 821 3439 scholas
853 3365 1038 3440 inferiores.
1089 3367 1136 3438 Et
1163 3366 1293 3464 optime
1322 3379 1493 3442 noverunt
1516 3369 1657 3452 ,summi
1690 3369 1752 3444 viri
1785 3369 1820 3444 in
1852 3377 1925 3444 arte
1958 3369 2208 3468 paedagogica,

692 3508 795 3582 quam
829 3493 910 3583 apta
942 3484 986 3557 sit
1010 3485 1054 3558 ad
1083 3486 1289 3560 exercendas
1318 3486 1448 3587 ingenii
1479 3486 1636 3562 iuvenilis
1663 3489 1761 3563 dotes
1785 3489 2036 3588 facultatesque
2058 3497 2209 3564 contern-

690 3601 798 3702 platio
819 3603 974 3678 infinitae
996 3604 1168 3678 varietatis
1193 3605 1400 3694 formarum,
1425 3631 1512 3704 quas
1533 3607 1671 3704 plantae
1690 3608 1935 3706 pulcherrimas
1953 3607 2206 3708 etspeeiosissi·

691 3747 765 3796 maa
794 3722 902 3796 oculis
926 3721 1124 3797 subiiciunt.

742 3841 812 3914 Sed
834 3841 1087 3916 institutionem
1114 3843 1199 3916 hauc
1228 3845 1400 3941 praeviam
1423 3845 1658 3944 relinquemus
1680 3861 1715 3921 et
1737 3849 1782 3922 ed
1804 3850 1924 3924 altiora
1948 3849 2181 3950 procedamus.

741 3961 797 4034 An
832 3960 935 4035 habet
970 3971 1113 4050 natura,
1154 3961 1281 4037 babent
1318 3963 1456 4062 plantae
1494 3989 1632 4040 suavem
1670 3965 1777 4039 animi
1814 3965 2076 4042 delectationem
2105 3963 2208 4038 etiam

692 4081 822 4154 homiui
847 4067 1032 4156 liberaliter
1059 4081 1104 4156 ad
1132 4105 1270 4156 omnem
1297 4082 1550 4158 humanitatem
1577 4083 1737 4159 exculto?

612 4295 613 4298 Ἴ
741 4199 812 4274 Vos
844 4199 929 4274 mihi
958 4211 1063 4276 testes
1092 4212 1127 4275 et
1149 4227 1329 4302 sponsores
1356 4209 1484 4292 estote,
1509 4203 1530 4278 ὃ
1554 4203 1698 4280 Goethil
1734 4213 1843 4305 tuque
1867 4206 2030 4282 Rossari!
2062 4226 2209 4302 quorum

693 4344 773 4419 erga
808 4343 881 4393 rem
914 4319 1105 4395 herbariam
1137 4346 1309 4412 amorem,
1338 4347 1484 4420 quorum
1520 4323 1641 4398 merite
1672 4348 1777 4423 quem
1806 4325 1930 4400 lubens
1965 4323 2149 4424 prolerram
2173 4330 2209 4395 at

692 4442 847 4540 ipsorum
881 4437 993 4513 verbis
1029 4439 1276 4540 sententiisque
1306 4441 1529 4529 declararem,
1563 4443 1630 4517 nisi
1663 4465 1718 4516 me
1745 4443 1829 4519 hora
1864 4445 2003 4544 fugiens
2033 4442 2106 4517 vela
2128 4463 2208 4515 onu-

693 4560 826 4634 trabere
850 4568 884 4633 et
910 4560 944 4632 in
973 4570 1178 4660 argumento
1210 4560 1396 4636 subsistere
1428 4572 1576 4663 cogeret.
1627 4563 1699 4662 Ipsi
1725 4563 1967 4654 recordamini,
2002 4561 2208 4647 nudum,

693 4703 782 4778 quae
805 4679 899 4777 apud
919 4687 1108 4778 utrumque
1133 4682 1177 4757 de
1201 4691 1317 4756 nostra
1342 4694 1415 4756 arte
1436 4682 1605 4781 praeclare
1626 4683 1751 4781 scripta
1774 4692 1874 4772 sunt,
1900 4683 1985 4758 dum
2008 4681 2210 4756 revertimur

694 4797 739 4872 ed
775 4797 1063 4887 Universitatem,
1101 4826 1143 4875 ex
1178 4826 1248 4900 qua
1276 4802 1382 4876 veluti
1417 4826 1457 4875 en
1493 4801 1587 4877 fonte
1622 4803 1763 4900 parenni
1796 4801 1908 4877 omnis
1943 4800 2141 4878 humanitas
2175 4805 2210 4872 et
