4864 6180
443 1381 676 1446 scannullas
703 1381 1122 1445 annuo-ummcumslt
1154 1381 1400 1454 OUllA'l'OBllS,
1433 1381 1718 1460 PnorussouuS,

476 1486 691 1558 LECTORES,
714 1488 842 1548 ClVllSl

443 1610 726 1672 culuscunrcuu
765 1610 928 1672 ORDINIS
964 1612 1016 1672 ΕΤ
1053 1610 1146 1672 uoci
1175 1609 1400 1674 anomocus
1432 1609 1717 1688 HUMamssrtss,

480 1712 786 1776 SPllG'l'ATISSlMIl

252 2097 289 2170 Si
320 2120 437 2170 aarum
470 2105 523 2171 ast
555 2093 640 2168 illud
674 2094 869 2171 Ciceronis:
905 2095 954 2170 nil
980 2103 1052 2171 tam
1079 2095 1269 2171 iucundum
1298 2094 1440 2194 cognitu
1466 2101 1571 2194 atqua
1594 2095 1717 2172 auditu
1817 2203 1820 2210 ,

203 2242 276 2294 essa
311 2241 415 2315 quam
453 2213 667 2316 sapientibus
701 2215 881 2290 sententiis
911 2216 1144 2316 gravibusque
1176 2213 1288 2290 verbis
1319 2223 1474 2290 ornatam
1507 2214 1717 2305 orationem,

203 2339 301 2415 valde
322 2339 428 2413 timeo
450 2337 658 2424 Auditores,
684 2360 727 2410 ne
751 2337 835 2412 haec
860 2363 938 2412 mea
962 2337 1071 2412 oratio
1099 2335 1243 2412 auribus
1266 2335 1386 2421 reatris
1410 2359 1479 2409 non
1504 2334 1720 2410 satisfactura

203 2459 258 2534 sit.
311 2459 424 2546 Nam,
457 2456 699 2544 econtrario,
731 2455 839 2529 oratio
873 2479 962 2553 quaa
989 2453 1199 2531 ornamentis
1222 2451 1290 2527 illis
1313 2459 1424 2540 caret,
1449 2452 1591 2551 cognitu
1614 2460 1720 2550 atqua
1780 2477 1784 2486 ’

202 2577 326 2652 auditu
347 2577 500 2651 iucunda
523 2599 598 2650 essa
622 2599 688 2650 non
716 2581 838 2674 potest.

253 2698 409 2771 Primum
441 2703 557 2770 autam
587 2703 851 2782 ornamentum,
884 2693 977 2792 quod
1002 2694 1148 2768 certain
1174 2692 1326 2766 oratione
1351 2716 1427 2766 mea
1449 2691 1721 2782 desiderabitur,

165 2843 172 2860 ·
204 2823 257 2892 est
291 2814 480 2913 elegantior
514 2813 572 2887 illa
603 2812 777 2900 latinitas,
815 2834 920 2910 quam
951 2834 1070 2885 omnes
1099 2811 1240 2909 plurimi
1268 2810 1462 2886 aestimant.
1514 2811 1722 2902 Quomodo,

205 2959 350 3036 quaeso,
384 2959 469 3032 ego,
504 2931 602 3007 latini
625 2955 746 3030 parum
772 2954 903 3030 gnarus
930 2929 1115 3018 sermonis,
1140 2955 1240 3006 auras
1267 2938 1395 3006 vestras
1419 2956 1488 3006 non
1514 2931 1724 3031 flagellarem

204 3053 409 3129 Auditorasl
449 3051 530 3148 Ipsa
550 3073 737 3148 sanaquam
757 3049 844 3124 mibi
863 3049 1003 3124 videbar
1023 3049 1122 3148 quasi
1140 3050 1308 3150 triplicem
1328 3052 1468 3128 caedem
1489 3053 1723 3142 committere,

205 3173 393 3250 orationem
430 3171 535 3247 latine
569 3193 678 3269 quum
713 3169 917 3244 scriberem:
952 3169 1106 3269 linguam
1128 3169 1295 3269 'pulcram
1331 3172 1496 3248 nimirum
1527 3171 1723 3260 trucidans,

206 3318 345 3370 sensum
373 3315 512 3379 eorum,
547 3315 637 3386 quaa
662 3289 808 3364 dicenda
836 3289 922 3392 mihi
943 3297 1062 3380 erant,
1093 3289 1319 3378 obtruncans,
1348 3291 1433 3364 mihi
1459 3291 1527 3388 ipsi
1552 3291 1621 3366 vim
1642 3290 1725 3366 affe·

206 3439 285 3489 rens
314 3435 422 3511 quum
455 3408 545 3484 mala
577 3409 684 3484 latino
717 3433 874 3484 sermone
907 3417 1101 3508 torquerem
1138 3435 1227 3509 quae
1260 3409 1400 3500 melius,
1434 3411 1524 3489 intra
1554 3410 1724 3489 decimum

208 3531 370 3633 temporis
389 3519 549 3630 partem,
577 3528 757 3604 vernaculo
783 3553 938 3622 sermone
961 3528 1108 3602 scribere
1134 3527 1333 3626 potuissem.

257 3651 417 3739 Accedit,
453 3649 547 3748 quod
580 3649 732 3736 medico,
766 3673 905 3748 prorsus
936 3657 1112 3723 anatomes
1137 3657 1172 3722 et
1196 3648 1412 3748 pathologiae
1438 3649 1564 3724 studiis
1586 3648 1724 3740 dedito,

209 3771 302 3846 baud
332 3770 430 3845 facile
454 3770 631 3869 continget
657 3794 710 3844 res
732 3775 876 3842 tractare
898 3767 1061 3842 omnibus
1086 3768 1255 3843 iucundas
1277 3769 1411 3844 auditu.
1463 3771 1608 3849 Accedit
1629 3770 1724 3869 quod

208 3917 314 3982 nova,
351 3891 530 3966 ordinibus
562 3889 781 3990 generalibus
806 3888 922 3963 oblata
945 3888 1021 3976 lex,
1052 3913 1141 3987 quae
1170 3888 1397 3964 institutionis
1423 3890 1607 3988 superioris
1633 3890 1723 3965 ordi·

209 4013 381 4088 nationem
417 4011 590 4098 continet,
627 4010 811 4096 emisero,
839 4007 922 4082 mihi
949 4017 1062 4083 tamen
1088 4009 1190 4084 nimis
1214 4017 1349 4084 maturo
1375 4019 1529 4108 tempore
1552 4009 1722 4107 apparuit.

209 4133 403 4219 Nimirum,
435 4131 464 4205 ai
489 4155 559 4229 quo
591 4140 745 4229 tempore
775 4129 962 4204 orationem
993 4129 1185 4204 scribebam
1212 4128 1298 4204 hana
1324 4129 1436 4228 legem
1464 4137 1618 4228 rogatam
1645 4153 1723 4204 noa·

211 4277 303 4340 sem,
328 4250 490 4325 orationis
512 4251 685 4326 materiem
711 4250 812 4348 longe
831 4249 898 4323 alio
920 4250 1022 4324 nrodo
1046 4258 1254 4324 tractassent.
1299 4248 1444 4324 Accedit
1466 4249 1607 4348 insuper
1622 4275 1725 4328 verna

211 4396 294 4446 aura
329 4371 432 4446 huius
470 4370 666 4458 Auditorii,
703 4394 830 4469 quam,
869 4379 908 4443 ut
941 4369 1071 4469 collega
1105 4369 1416 4445 aestumatissimus
1450 4369 1581 4446 Rovers
1615 4371 1753 4470 farseta¹

211 4491 318 4579 dixit,
353 4514 422 4564 non
458 4492 560 4564 modo
596 4489 704 4564 exteri
734 4487 820 4563 nulli
853 4489 913 4563 aad
950 4514 993 4564 ne
1027 4489 1240 4589 Groningani
1267 4489 1408 4588 quidem
1434 4489 1534 4564 nobis
1557 4490 1724 4568 inrident.

260 4612 326 4685 Tot
358 4609 457 4684 video
485 4635 606 4685 causas
638 4609 775 4684 verendi
808 4633 852 4682 ne
885 4608 928 4681 de
964 4634 1020 4684 me
1049 4609 1263 4709 queramini,
1289 4609 1384 4707 quod
1409 4608 1476 4682 alio
1507 4609 1599 4683 dioto
1628 4608 1726 4686 Cica-

211 4732 351 4806 roniano
383 4730 595 4804 continetur:
634 4729 806 4803 smultum
842 4727 954 4802 abluit
986 4738 1025 4802 ut
1057 4729 1285 4804 inflammaret
1320 4726 1453 4804 animos
1483 4737 1636 4820 nostros3
1673 4730 1728 4806 vix

212 4875 370 4926 somnum
399 4849 637 4925 tenebamus.'’
