4918 6174
708 675 810 742 ACTA
836 676 884 741 ΕΤ
907 674 1036 742 GESTA
1061 677 1102 742 lli
1126 675 1293 742 SENATU.
1723 667 1771 743 37·

293 901 303 919 ⁰
410 884 480 974 re,
519 883 629 960 donec
662 882 728 958 erit
764 883 864 958 nobis
903 883 970 960 vita
1006 890 1199 982 superstes,
1227 882 1381 981 diligere
1418 890 1454 957 et
1490 905 1605 959 amore
1642 907 1764 982 perge·

415 1027 506 1080 mur.
557 1001 649 1079 Dixi.

468 1122 596 1198 Rector
624 1122 836 1223 Magnificus
865 1145 952 1195 noro
978 1120 1117 1196 Doctori
1138 1127 1295 1220 acceptos
1320 1119 1464 1196 honores
1485 1147 1528 1197 ex
1551 1121 1666 1198 animo
1687 1147 1765 1224 gra·

417 1242 548 1319 tulatur
571 1266 723 1342 eumque
747 1243 856 1317 valere
879 1240 989 1316 iubet.
1732 1243 1734 1246 ’

246 1359 313 1437 Die
364 1364 385 1436 5
411 1386 457 1438 m.
483 1362 654 1438 Octobris.
706 1362 910 1437 Recitarrtur
936 1362 1068 1436 litterae
1095 1361 1301 1435 Curatorum
1327 1359 1360 1434 d.
1376 1360 1410 1435 d.
1434 1364 1468 1448 7,
1496 1365 1536 1434 12
1554 1372 1589 1436 et
1605 1365 1651 1436 30
1668 1363 1764 1463 Sept.

417 1483 561 1558 Senatui
592 1483 754 1558 nuntium
782 1477 964 1557 ferentium
992 1481 1081 1556 doct.
1106 1481 1144 1555 P.
1173 1482 1199 1554 1.
1224 1481 1397 1554 Barnouw
1421 1480 1643 1580 designatum
1667 1506 1763 1573 esse,

417 1604 477 1701 qui
508 1603 702 1678 Medicinae
731 1601 984 1676 Prolesaoribus
1014 1601 1050 1675 in
1076 1599 1292 1673 institutione
1314 1599 1435 1674 clinica
1455 1601 1645 1690 assisteret;
1672 1603 1762 1680 doct.

414 1720 454 1794 L.
476 1720 518 1798 1.
540 1720 725 1796 Aronstein
750 1718 927 1793 honestam
953 1717 1149 1792 missionem
1173 1741 1247 1791 ease
1268 1742 1464 1794 concessam
1485 1744 1504 1794 e
1532 1745 1673 1797 munere
1693 1745 1763 1822 quo

413 1838 625 1938 fungebatur
660 1839 695 1912 in
731 1863 850 1912 museo
884 1837 1049 1936 Physico;
1089 1837 1177 1910 doct.
1213 1837 1253 1912 Β.
1289 1838 1318 1910 I.
1356 1837 1575 1914 Winlselman
1608 1851 1762 1916 creatum

414 1981 490 2032 esee
510 1967 736 2058 prosectorem
762 1958 798 2031 in
823 1981 942 2031 museo
967 1957 1181 2031 Auatomico.

245 2073 313 2150 Dis
339 2076 384 2150 16
410 2101 456 2152 m.
484 2075 699 2152 Novembris.
751 2075 954 2150 Recitantnr
985 2074 1116 2148 litterae
1148 2074 1353 2149 Carnorum
1381 2078 1413 2153 d.
1432 2078 1464 2152 d.
1491 2081 1537 2153 29
1565 2081 1642 2154 Oct.
1670 2081 1762 2157 1867

416 2195 583 2270 Senatum
612 2196 791 2272 certiorem
820 2193 1021 2270 iacientium
1044 2193 1123 2270 clar.
1150 2195 1193 2270 A.
1215 2195 1388 2294 Rutgera,
1414 2197 1474 2297 qui
1500 2223 1561 2297 par
1585 2201 1632 2275 30
1656 2225 1764 2276 annos

416 2337 559 2390 munere
584 2313 725 2390 iunctus
746 2321 818 2404 eat,
843 2340 886 2390 ex
912 2321 1024 2390 vetere
1046 2315 1142 2414 lege,
1168 2314 1339 2415 stipendio
1364 2327 1505 2394 auctum
1527 2344 1612 2396 esse.

466 2435 671 2511 Reoitantur
701 2434 835 2511 litterae
868 2435 1075 2522 Curatorum
1100 2435 1135 2510 d.
1156 2434 1191 2509 d.
1221 2437 1354 2511 5Nov.
1384 2440 1489 2543 1867,
1521 2465 1620 2515 cum·
1635 2441 1766 2516 Senatu

416 2553 747 2631 communicantium
778 2555 814 2629 in
847 2555 960 2629 locum
992 2553 1083 2628 doct.
1113 2553 1152 2628 P.
1184 2554 1214 2627 Ι.
1248 2553 1420 2629 Barnouw
1448 2556 1665 2657 designatum
1691 2582 1767 2634 esee

417 2673 507 2748 doct.
539 2673 569 2759 I.
594 2673 643 2750 n.
665 2696 730 2748 ran
754 2675 888 2748 Iterson
919 2675 949 2748 1.
971 2674 1016 2749 A.
1041 2672 1087 2749 fil.
1121 2672 1183 2771 qui
1211 2673 1405 2750 Medicinae
1441 2677 1695 2754 Proiersoribue
1730 2679 1767 2753 in

417 2791 636 2867 institutione
659 2791 781 2868 clinica
805 2792 990 2868 assisteret.

467 2911 615 2987 Senatus
654 2912 753 3012 luget
795 2910 931 2987 obitum
967 2910 1029 2985 viri
1064 2910 1143 2986 clar.
1177 2912 1217 2986 P.
1250 2913 1294 2988 Ο.
1329 2937 1393 2988 van
1426 2913 1486 2989 der
1522 2916 1633 3014 Chys,
1668 2916 1770 2993 titulo
1883 2943 1888 2954 ·

418 3030 623 3107 Pmiessorir
651 3030 920 3108 Extraordinarii
943 3030 1075 3120 ornati,
1100 3031 1213 3106 musei
1238 3033 1425 3108 nummarii
1452 3035 1629 3112 Praefecti.

919 3391 965 3464 A.
994 3391 1100 3465 1868.
1232 3455 1235 3464 .

249 3744 317 3823 Die
344 3747 389 3823 18
414 3772 461 3825 m.
486 3749 650 3827 Ianuarii.
709 3747 905 3823 Ricitantur
938 3747 1071 3822 litterae
1108 3748 1316 3822 Cunctorum
1345 3749 1380 3823 d.
1406 3748 1440 3823 d.
1478 3753 1522 3823 21
1557 3751 1639 3825 Dec.
1676 3754 1769 3829 1867

420 3868 566 3945 Senatui
595 3877 718 3945 notum
749 3867 948 3943 iacientium
979 3867 1059 3943 clar.
1086 3867 1136 3942 M.
1163 3867 1192 3940 l.
1218 3867 1262 3940 de
1295 3867 1402 3967 Goeje
1435 3868 1664 3946 Professorem
1701 3873 1770 3946 Ex·

420 3989 685 4066 truordinarium
717 3995 870 4064 creatum
907 4009 981 4060 esse
1015 3995 1050 4059 et
1083 3986 1232 4062 Senatus
1265 3995 1301 4062 et
1335 3987 1524 4064 Facultatis
1560 3989 1770 4066 Litterarum

419 4109 570 4188 Sociuna
1160 4109 1163 4115 ’

469 4228 656 4305 Candidati
688 4234 854 4327 quatuor,
887 4224 1057 4324 equibus
1081 4225 1118 4298 in
1144 4227 1342 4326 proximum
1364 4252 1494 4302 aunum
1522 4230 1768 4306 Academicum

420 4347 548 4424 Rootor
569 4347 779 4448 Magnificus
803 4371 824 4420 e
848 4345 946 4443 Rege
969 4347 1219 4436 constituatur,
1245 4347 1417 4447 designati
1443 4356 1525 4422 sunt
1553 4349 1615 4424 riri
1636 4351 1734 4426 clara

756 4467 800 4542 R.
825 4465 865 4542 P.
889 4466 934 4540 A.
959 4465 1074 4565 Dory,

758 4586 788 4660 I.
814 4585 855 4658 C.
881 4587 925 4658 G.
951 4583 1088 4672 Ereta,

759 4704 790 4778 1.
815 4703 856 4778 n.
882 4702 1088 4792 Goudsmit‚

757 4824 798 4898 L.
828 4821 882 4898 W.
910 4824 950 4899 E.
977 4822 1214 4898 llauwenhoff.
