4864 6180
866 599 1143 714 enarro.
1698 649 1759 712 101

239 877 297 928 me
329 851 386 928 hic
420 854 597 929 concinere
629 879 709 930 oum
745 855 927 945 laudibus,
968 855 1097 955 quibus
1133 854 1445 929 aestumatissimus
1478 853 1608 952 collega
1642 858 1758 924 noster

239 971 438 1073 Vissering,
473 975 641 1073 principia
679 985 715 1050 et
745 975 1013 1050 fundumentum
1051 975 1263 1050 celeberrimi
1299 974 1437 1050 Decreti
1470 974 1551 1048 unni
1585 969 1759 1056 millesimi

243 1091 519 1191 octingentesimi
554 1093 679 1168 decimi
713 1093 826 1192 quinti
859 1093 1057 1192 nuperrime
1091 1095 1233 1169 extulit:
1271 1093 1371 1170 ouius
1401 1119 1442 1170 ea
1475 1103 1548 1169 erat
1571 1102 1693 1166 natura
1721 1099 1760 1166 ut

241 1211 542 1287 emendationibus
574 1224 609 1288 et
642 1213 967 1311 amplificationibus
1003 1215 1086 1289 satis
1122 1214 1187 1288 loci
1221 1214 1481 1312 relinqueretur.
1532 1214 1605 1287 Cur
1640 1221 1756 1285 sutem

239 1331 305 1406 hue
328 1333 433 1406 etiam
459 1359 553 1408 nunc
578 1333 837 1422 desiderentur,
863 1334 930 1408 alie
954 1359 1009 1408 res
1030 1343 1103 1422 est,
1128 1360 1232 1432 quum
1260 1335 1316 1409 hic
1342 1335 1455 1409 fusius
1484 1359 1551 1408 nou
1577 1355 1757 1430 exponam.

290 1451 348 1526 Ad
380 1453 633 1527 conclusionem
667 1463 785 1526 eutem
819 1452 862 1525 de
892 1453 1061 1551 augendis
1089 1453 1216 1551 opibus
1237 1465 1272 1527 et
1295 1455 1491 1528 docentium
1518 1477 1663 1527 numero
1690 1474 1759 1526 non

241 1595 298 1646 me
343 1579 498 1660 tentum,
541 1573 602 1646 sed
648 1595 706 1645 eos
745 1596 878 1648 omues¹
907 1572 1083 1671 pervenire
1123 1575 1204 1671 qui,
1243 1575 1324 1648 dntc
1359 1598 1483 1672 opero,
1519 1574 1563 1646 de
1599 1571 1761 1646 facultate

240 1689 375 1765 medica
418 1691 455 1764 in
497 1714 718 1764 communem
758 1691 940 1766 utilitatem
978 1694 1194 1768 emendanda
1230 1693 1487 1792 inquisitionem
1526 1692 1760 1780 instituerint,

241 1810 399 1906 exemplo
435 1811 504 1883 sint
537 1834 626 1908 quse
659 1835 702 1883 ex
737 1809 801 1884 hoc
835 1811 910 1908 ipso
944 1822 1113 1910 suggestu
1152 1813 1338 1912 aliquando
1373 1814 1556 1889 declaravit
1587 1812 1762 1911 Ioncqius
1807 1837 1811 1846 ·

241 1938 370 2002 noster:
411 1928 623 2027 rReputanti
662 1952 740 2001 vero
776 1975 821 1990 -
855 1930 970 2028 inquit
1005 1979 1051 1992 -
1085 1944 1253 2031 quantos,
1273 1933 1327 2018 'ut
1361 1944 1509 2023 ceterae,
1543 1934 1591 2007 sic
1629 1933 1762 2007 medica

241 2070 379 2145 quoque
415 2048 616 2147 disciplinae
650 2047 714 2122 hoo
750 2050 901 2124 maxime
932 2052 1066 2126 soeculo
1091 2078 1292 2152 progressus
1317 2054 1478 2141 fecerint,
1505 2054 1633 2153 quibus
1660 2052 1761 2126 nimi·

222 2191 317 2240 rum
355 2165 484 2242 lactum
525 2168 589 2256 sit,
630 2177 668 2242 ut
701 2177 736 2244 et
771 2169 953 2268 histolugic
985 2182 1022 2245 et
1057 2173 1272 2274 pathologioa
1309 2199 1397 2273 quoe
1429 2174 1556 2248 dicitur
1582 2181 1760 2261 anatome,

241 2297 277 2361 et
319 2287 612 2386 ophthalmologia
656 2297 691 2361 et
730 2289 796 2363 alia
831 2292 921 2366 trudi
957 2292 1123 2381 debeant,
1162 2295 1205 2368 de
1238 2294 1367 2392 quibus
1403 2297 1438 2368 in
1480 2293 1591 2392 Regio
1626 2294 1762 2367 decreto

242 2407 336 2504 quod
375 2407 603 2481 iustitutionis
644 2409 829 2506 superioris
870 2412 940 2485 sive
978 2411 1243 2487 fundumentum
1283 2415 1353 2488 sive
1393 2439 1547 2488 normam
1590 2414 1762 2500 continet,

240 2526 329 2602 nihil
360 2551 499 2624 prorsus
529 2527 774 2625 praescriptum
808 2540 883 2618 est,
917 2533 1116 2631 augendum
1147 2558 1221 2607 esse
1248 2535 1447 2608 docentium
1475 2559 1677 2621 numerum,
1703 2557 1762 2607 ne-

243 2647 330 2724 mini
355 2672 422 2720 non
448 2647 670 2746 perspicuum
697 2649 797 2724 erit.”

291 2766 366 2840 Nec
400 2767 632 2842 dubitandum
668 2769 753 2866 quin
786 2793 944 2843 summus
979 2770 1036 2843 ille
1068 2772 1279 2844 Boerhavius
1311 2773 1527 2871 pathologine
1550 2783 1585 2846 et
1610 2773 1762 2871 patholo·

242 2884 340 2982 gisae
372 2897 548 2961 custumes
575 2887 731 2961 studium
763 2889 888 2962 nostris
919 2889 1118 2963 hominibus
1152 2902 1233 2964 ante
1263 2891 1378 2965 omnia
1407 2893 1700 2980 commendasset,
1735 2891 1765 2966 si

244 3003 433 3103 potuisset:
473 3031 582 3103 quum
618 3006 687 3080 ium
725 3015 800 3081 tum
835 3009 999 3109 temporis
1030 3010 1113 3085 haec
1150 3012 1340 3110 scripserit:
1393 3017 1586 3086 rrllnatome
1621 3037 1698 3086 vero
1730 3018 1765 3084 et

242 3123 463 3213 mechanica,
495 3125 632 3198 Nostris
658 3125 800 3213 cultior,
831 3127 1008 3201 ratiocinio
1034 3129 1130 3202 iilum
1162 3139 1198 3202 et
1224 3129 1489 3204 fundamentum
1518 3131 1624 3205 dedit.
1661 3130 1762 3202 Utru-

243 3245 311 3318 que
345 3222 431 3296 lidal
474 3223 646 3320 quidquid
684 3224 795 3321 ignari
833 3224 1001 3314 clament,
1039 3237 1101 3300 aut
1140 3227 1300 3300 invidiosi
1335 3227 1544 3326 obstrepant.
1603 3229 1765 3300 Oderunt
1896 3231 1899 3238 ’

244 3341 372 3440 quippe
407 3349 443 3415 et
476 3342 733 3417 calumniantur
770 3344 834 3439 isti⁸
860 3369 949 3442 quse
984 3370 1048 3422 uec
1083 3347 1261 3445 attingere*
1285 3357 1449 3445 possunt;
1484 3371 1551 3421 uon
1586 3371 1668 3445 ergo
1696 3345 1764 3420 nisi

246 3460 400 3550 sibimet,
434 3463 541 3536 vocali
572 3463 767 3560 ignorantia
798 3475 933 3540 nocent.
996 3466 1066 3539 Ubi
1095 3476 1211 3540 autem
1244 3467 1329 3541 dum
1357 3467 1538 3543 affectibus
1559 3467 1762 3565 indulgent,

246 3579 362 3653 inanis
386 3583 634 3680 parudoxorum
664 3591 699 3656 et
724 3583 909 3658 damnosus
933 3585 1093 3659 novitatis
1117 3587 1260 3662 crimina
1285 3588 1444 3662 obtentui
1467 3595 1630 3675 sumunt,
1653 3586 1762 3660 risum

245 3697 415 3774 mehercle
440 3726 554 3775 rerum
579 3701 697 3800 guaris
721 3704 907 3778 excitant.”

293 3818 393 3894 Haec
426 3820 606 3896 Boerhavii
640 3822 743 3896 verba
772 3849 813 3898 eo
834 3826 989 3924 graviora
1011 3835 1112 3915 sunt,
1138 3827 1301 3925 quoniam
1325 3852 1394 3901 nou
1417 3829 1453 3900 iu
1480 3827 1567 3901 libro
1595 3828 1763 3901 rInstitu·

247 3937 361 4013 tiones
401 3941 580 4048 Medicoe’f
618 3940 807 4040 inscripto,
845 3945 906 4042 qui
942 3946 1174 4044 pathologiam
1213 3946 1406 4045 generalem
1430 3948 1601 4032 continet,
1639 3945 1764 4020 sedin

248 4061 456 4157 praefatione
487 4063 795 4160 uAphorismorum
824 4065 867 4138 dc
891 4067 1136 4163 cognoscendis
1160 4076 1195 4139 et
1218 4065 1380 4139 carendis
1404 4065 1557 4140 morbis''
1581 4065 1763 4163 leguntur,

248 4181 326 4278 qui,
359 4181 400 4254 iu.
426 4182 615 4280 practicum
648 4207 751 4258 usum
778 4185 978 4281 compositi,
1010 4177 1147 4284 regulas
1178 4185 1338 4272 tradunt,
1366 4211 1474 4282 quae,
1503 4194 1541 4259 ut
1565 4185 1640 4283 ipse
1667 4185 1763 4283 paul·

247 4297 357 4373 lulum
386 4310 466 4374 sote
491 4301 664 4399 professus
689 4311 760 4376 est:
790 4329 931 4378 accusas
954 4304 1150 4379 morborum
1172 4306 1332 4404 expedire
1354 4317 1459 4404 atque
1479 4316 1622 4380 eventus
1644 4330 1764 4380 secun·

248 4415 329 4492 dare
352 4420 520 4518 possint.”
571 4423 696 4522 ltaque
719 4422 890 4497 Austome
913 4433 948 4496 et
970 4424 1172 4499 Meshanics
1196 4469 1245 4482 -
1271 4436 1307 4499 et
1331 4437 1447 4501 nostro
1472 4436 1625 4524 tempore
1649 4425 1766 4499 viscus

247 4537 460 4614 Boerhavius
496 4548 632 4614 tuntum
669 4541 815 4616 diceret:
851 4543 1048 4641 pathologia
1082 4586 1131 4601 -
1166 4569 1211 4618 ex
1242 4544 1334 4618 illius
1367 4544 1527 4643 opinione
1564 4543 1765 4618 clinicorum

248 4658 441 4734 studiorum
466 4663 658 4758 suntfilum
678 4668 714 4734 et
728 4663 999 4756 fundamentum.
1039 4663 1204 4750 Utinam,
1230 4663 1375 4751 idcirco,
1400 4663 1685 4762 praestantissimi
1702 4663 1765 4738 viri

249 4776 414 4852 memoria
444 4802 513 4852 nou
536 4786 673 4854 tantum
699 4801 805 4852 aeneo
831 4788 1076 4868 monumento,
1102 4779 1196 4878 quod
1221 4780 1361 4856 iamiam
1384 4782 1456 4858 fore
1479 4807 1677 4881 speramus,
1704 4783 1766 4858 sed
