4864 6180
681 673 746 738 tto
1268 668 1616 736 &austun

730 877 783 951 2⁰1
820 876 966 950 Donum
994 874 1065 946 viri:
1084 873 1273 949 doctissimi
1308 875 1433 950 Hooke
1463 899 1530 951 van
1561 875 1737 984 Mijndam·
1752 876 1898 951 relinet:
1939 875 2058 950 Daatir'
2080 885 2207 976 petora

544 1091 546 1098 y
684 995 870 1071 rInlernol'
895 994 1120 1092 inscriptum,
1155 993 1202 1068 im
1219 1018 1341 1068 vorem
1367 994 1595 1108 Hollandioos
1619 993 1664 1067 ab
1689 993 1769 1093 ipso
1788 994 2205 1086 donatorotronsleturu»,

679 1116 939 1216 splendidisque
964 1113 1366 1188 iconibus-illustratum

728 1238 779 1309 8⁰.
819 1236 920 1335 Opus
957 1237 1004 1310 27
1043 1233 1171 1308 tabulis
1206 1213 1367 1307 ornatum
1413 1234 1470 1308 oui
1512 1233 1654 1307 titulus:
1695 1232 1838 1308 Plantae
1874 1233 2093 1323 Tinneeoee,
2131 1235 2210 1308 aire

677 1354 861 1453 descriptio
895 1353 1093 1453 plantarum
1125 1353 1161 1426 in
1188 1352 1631 1451 expeditione'lllnneana,
1663 1352 1700 1426 in
1731 1352 2011 1451 septemtrionale
2033 1353 2204 1428 interioris

676 1475 813 1548 Africae
845 1483 947 1572 perte
973 1474 1205 1548 collectarum.
1258 1472 1354 1545 Gnrb
1380 1472 1483 1572 Regii
1507 1472 1722 1560 administri,
1748 1472 1811 1569 qni
1835 1474 2066 1553 ressinternes
2086 1483 2202 1562 arrae,

517 1631 526 1638 ·
676 1595 832 1670 mireum.

724 1716 775 1789 4⁰.
826 1713 946 1787 Codex
983 1737 1003 1786 e
1038 1711 1152 1786 aeonio
1188 1712 1322 1787 decimo
1360 1712 1502 1811 quinto,
1542 1710 1831 1808 Amphitruonem
1878 1709 2011 1798 lllauti,
2054 1711 2206 1784 'Ibreotii

675 1835 890 1922 comoedias,
926 1841 966 1906 et»
998 1831 1164 1906 nonnulle
1197 1833 1323 1906 erotica
1355 1833 1506 1906 cuimine
1541 1829 1732 1906 continens
1798 1831 1942 1904 Donum
1982 1831 2044 1904 viri
2079 1829 2205 1905 nobilis

679 1953 761 2042 Sir,
787 1953 1138 2040 Amstelodamensis,
1164 1952 1235 2026 iam
1258 1953 1426 2032 notendo
1456 1951 1679 2026 Bibliotheca.
1695 1959 1811 2024 nostro
1836 1950 1925 2024 bene
1949 1950 2073 2028 meria,

593 2113 599 2120 ·
723 2065 891 2148 Museum
922 2073 1155 2148 anatomicam
1194 2096 1274 2145 non·
1294 2072 1445 2172 amplius
1478 2072 1522 2146 de
1548 2071 1701 2146 locorum
1728 2071 1892 2170 angustia
1918 2071 2073 2168 querelas
2100 2070 2206 2144 habet

674 2193 837 2293 agendae.
877 2193 953 2266 Iam
982 2191 1158 2290 posteriori
1184 2216 1275 2265 anno
1301 2193 1459 2266 relatum*
1479 2192 1564 2266 suit:
1596 2203 1631 2265 et
1653 2190 1789 2289 singula
1809 2189 2088 2288 meliuodisponi
2106 2213 2206 2288 posse

676 2321 712 2386 et
732 2311 904 2386 conclavia
930 2312 1049 2384 edesse
1073 2311 1290 2385 auditoribus
1318 2313 1510 2386 commoda.
1549 2311 1646 2390 Quid
1670 2312 1706 2384 in
1732 2335 1854 2384 miraeo
1875 2310 2069 2387 anatomieo
2093 2308 2207 2384 odbuo

677 2431 911 2518 desideratur,
945 2456 986 2504 ex
1023 2455 1221 2529 praegresso
1256 2457 1331 2506 mea
1355 2433 1508 2507 oratione
1535 2413 1755 2530 perspicuum
1781 2431 1858 2504 erit.
1910 2431 2104 2504 Anatomes
2126 2455 2202 2529 pro·

677 2550 797 2624 leonori
828 2573 971 2649 nempe,
1005 2551 1081 2624 aliis
1115 2552 1219 2625 etiam
1244 2553 1397 2626 muneris
1423 2551 1545 2626 officiis
1568 2551 1713 2638 obruto,
1740 2549 1785 2624 ab
1810 2549 1989 2638 adiutore,
2014 2551 2077 2650 qui
2100 2549 2205 2648 speci·

678 2670 774 2745 minc
805 2667 986 2768 colligere,
1021 2695 1211 2770 exponere,
1247 2671 1440 2746 describere
1473 2679 1612 2770 posset,
1647 2669 1837 2758 destituto,
1875 2670 1986 2744 otium
2010 2693 2092 2744 non·
2107 2670 2227 2746 detur*

677 2797 730 2862 ut}
749 2798 891 2863 tantam·
914 2810 1032 2862 euram
1067 2814 1193 2863 museo·
1221 2792 1384 2866 adhibeat
1419 2800 1603 2888 quantam,
1640 2798 1686 2863 ut=
1705 2797 1895 2890 augemur,
1932 2801 1972 2865 nt
2002 2790 2102 2865 bene·
2117 2790 2206 2865 oret·

678 2919 799 2994 netur,
835 2906 1092 3006 sibideposcit.
1134 2908 1225 2982 Hoc·
1245 2910 1403 3008 inprimis
1435 2910 1479 2983 de
1509 2909 1804 3008 patbelogicarnm
1830 2911 2058 3009 speciminum
2085 2911 2204 2985 oollae-

677 3026 770 3102 tione
807 3026 938 3100 dutum
975 3028 1068 3116 volo,
1107 3051 1197 3126 quae
1231 3029 1355 3110 rudem
1390 3029 1675 3128 indigestamque·
1705 3029 1829 3104 molem
1863 3029 2028 3128 praebet,
2066 3041 2101 3104 et
2127 3053 2203 3128 pror

678 3146 816 3220 fossoris
842 3149 1022 3248 pattobpi
1049 3149 1134 3222 corb
1164 3149 1308 3248 indiget.
1370 3150 1439 3224 Ad·
1472 3158 1667 3228 enetomen
1700 3149 1774 3222 sani
1814 3149 1964 3247 eorporis
2003 3149 2206 3224 tradendam

533 3269 547 3288 “
677 3267 792 3342 omnin
818 3268 1195 3367 studiorunprosidie-
1212 3269 1359 3356 adsunt,
1384 3269 1419 3342 in
1448 3267 1540 3342 bono
1566 3276 1659 3342 statu
1687 3291 1845 3341 museum
1869 3269 2205 3368 anatomieum‘proa

678 3388 760 3487 prie-
785 3388 844 3462 sic·
869 3388 1023 3476 dictum,
1061 3399 1232 3476 versatum
1271 3388 1445 3462 nonnullis
1480 3386 1829 3488 speciminibuoboo
1848 3411 1957 3477 enno,
1985 3399 2025 3462 ut
2050 3397 2204 3487 oportet,

679 3516 819 3581 anetum
847 3517 909 3581 est.

730 3625 895 3699 Muscam
924 3627 1166 3725 Zoblogicum,
1203 3635 1353 3701 testante
1380 3627 1766 3725 clarissimo-Harting,
1793 3627 2205 3726 uagimagisqoesuis-

683 3744 793 3818 facere
815 3757 929 3844 potest
951 3746 1019 3819 illis
1044 3771 1134 3844 quae
1159 3747 1203 3819 de
1225 3771 1367 3836 museo,
1403 3748 1614 3826 institutioni
1641 3753 1775 3823 tantum
1801 3747 1993 3835 destinato,
2018 3746 2208 3845 exspectari

682 3874 838 3964 possum:
891 3866 936 3938 ln
964 3865 1022 3940 ille
1053 3865 1165 3940 musei
1201 3865 1388 3956 divisione,
1421 3891 1512 3965 quae
1539 3865 1700 3940 animalia
1723 3867 1915 3940 vertebrato
1936 3867 2109 3953 eontinet,
2133 3887 2206 3940 non

682 3983 762 4058 nisi,
773 4009 882 4082 peuce
905 3985 1153 4060 desiderantur.
1206 3985 1285 4060 Hoo
1305 4011 1398 4061 anno
1420 4009 1500 4062 enm
1520 3985 1658 4060 skeleto·
1671 3985 1950 4082 splendidissimo
1966 3983 2206 4072 Monodontis,

685 4112 721 4176 et
756 4127 835 4177 oum
871 4105 1068 4180 collectione
1104 4106 1250 4205 piscium
1294 4131 1337 4180 ex
1371 4107 1492 4180 insula·
1521 4104 1949 4204 (inrecoolocnpletatnm
1974 4114 2036 4179 est.
2087 4103 2210 4177 Peiora

685 4229 811 4296 tomen
824 4223 1177 4325 Hartingprofitetnr
1200 4226 1462 4314 de‘divisione,
1475 4225 1643 4300 classibus
1659 4223 1965 4304 invertebratorum
1985 4223 2208 4312 animalium,

685 4341 877 4432 destinata,
903 4345 1235 4422 etsiomnesnires·
1252 4347 1410 4420 intendat
1436 4357 1484 4420 uo
1499 4355 1678 4444 augeatur,
1702 4343 1987 4432 utemendatnr,
2014 4343 2109 4418 huod
2134 4342 2209 4417 aina

685 4462 979 4565 fructuquidem.
1033 4465 1103 4538 Sed
1127 4489 1172 4538 ne
1199 4464 1339 4538 eredere
1363 4465 1474 4540 velitis
1499 4464 1641 4552 Audit,
1672 4463 1892 4538 omnes-illos
1911 4487 1972 4536 res»
1988 4462 2113 4551 miras,
2147 4486 2210 4536 no·

685 4583 764 4655 turb
793 4584 998 4682 productae,
1030 4609 1117 4684 quas
1147 4583 1197 4657 io·
1222 4583 1287 4658 hoo
1319 4609 1439 4658 museo
1469 4583 1651 4682 odspieere·
1673 4581 1829 4680 possitis,
1865 4581 1960 4656 bene
1984 4579 2210 4674 distributas,
2254 4593 2258 4598 “

687 4708 726 4773 et
755 4711 795 4775 nt
828 4714 983 4802 oportet,
1015 4705 1053 4778 in
1080 4704 1236 4804 catalogo
1274 4703 1583 4803 dampnasse
1630 4700 1765 4776 Uehoo
1788 4701 2208 4792 fiuodutoreerudito,

689 4818 756 4892 sub
783 4818 960 4922 Hortingii
985 4825 1197 4923 auspicibus·
1212 4823 1409 4911 laborante,
1434 4823 1578 4898 diutins:
1598 4821 1704 4898 careri
1730 4830 1947 4920 nompotest.
1999 4819 2212 4896 Homolion
