4918 6174
860 665 1138 738 ORATIO.
1724 669 1816 736 tt·

246 908 287 960 se
313 877 469 957 contulit.
530 879 599 953 Sed
634 900 676 953 ex
708 877 816 954 animi
842 879 953 978 ipsius
982 887 1060 955 voto
1090 901 1171 954 mox
1203 877 1324 976 praxis
1358 877 1470 953 valere
1496 877 1608 952 iussit.
1659 877 1769 953 Naue

248 1023 316 1102 qne
347 1009 387 1076 at
418 999 570 1100 primam
601 999 691 1072 inter
719 998 871 1074 medicus
895 1021 1020 1074 nomen
1044 999 1220 1098 professas
1242 1007 1312 1087 cut,
1336 997 1453 1072 oblata
1474 996 1507 1070 si
1528 1004 1582 1070 est
1604 996 1768 1072 cathedra
1806 1023 1812 1030 ·

247 1120 501 1208 quekeruua,
537 1125 578 1192 nt
603 1111 797 1206 smuudns,
831 1118 1049 1207 botanicum,
1074 1118 1244 1192 cbemiam
1270 1125 1307 1191 et
1326 1116 1638 1217 pharmaceuticum
1665 1116 1769 1190 doec·-

245 1250 308 1318 rel.
360 1242 495 1314 Munna
529 1237 726 1337 auspicatus
750 1245 804 1312 est
835 1238 955 1313 babitu
973 1238 1126 1313 oratione
1150 1236 1446 1313 ede'educulione·
1468 1251 1545 1310 vere
1570 1223 1704 1311 liberali
1729 1243 1765 1311 et

246 1360 408 1436 historiae
445 1358 612 1434 amanlis
646 1357 762 1431 studio
797 1358 953 1458 inprimis
985 1359 1030 1433 ad
1064 1359 1157 1432 illam
1189 1357 1444 1445 conducente,”
1483 1375 1593 1454 eoque
1623 1371 1772 1434 munere·

246 1479 389 1553 iunctm
415 1487 469 1552 est
497 1501 608 1576 usqae
632 1477 677 1552 aul
693 1497 833 1552 ⁴surram
860 1479 965 1552 huius
995 1476 1122 1552 saeculi
1146 1477 1352 1575 vigesimum
1379 1475 1529 1574 primum
1560 1483 1766 1565 exeuntem,

248 1624 318 1698 quo
344 1598 552 1672 Gandavum
584 1604 723 1670 vocatus
753 1605 805 1670 est
837 1605 877 1669 ut
908 1595 1086 1670 Professor
1116 1595 1310 1670 ordinarius
1340 1593 1556 1681 botanicum,
1590 1594 1769 1672 historiam

247 1719 438 1794 muralem
476 1727 511 1790 ct
545 1715 754 1790 anatomiam
788 1724 1020 1813 comparatam
1050 1716 1210 1792 traderet.
1263 1703 1334 1789 Sed
1361 1713 1458 1788 brevi
1485 1733 1624 1812 quoquo
1644 1713 1681 1788 in
1707 1715 1767 1790 illa

248 1839 329 1913 sede
356 1836 530 1910 remansit.
582 1836 781 1933 Erumpunt
810 1833 932 1908 ciuiles·
956 1833 1162 1921 discordiae,
1200 1850 1270 1931 quo
1304 1831 1395 1906 lecto
1428 1853 1468 1905 aa
1494 1853 1575 1905 cum
1609 1829 1768 1930 pluribus

247 1955 391 2054 collegis
422 1955 457 2028 in
494 1953 640 2052 patriam
675 1952 803 2051 recepit
841 1971 968 2027 nouum
1008 1972 1139 2028 munus
1174 1961 1414 2052 suspectans,¹
1439 1951 1538 2048 quod·
1567 1959 1691 2027 nectos
1730 1955 1767 2029 in

248 2083 365 2150 nostra
405 2073 625 2148 universitate
659 2073 779 2148 docuit
817 2073 1010 2172 geulogiam
1050 2083 1180 2172 atque,
1219 2087 1290 2146 una
1327 2093 1411 2147 cum·
1449 2079 1567 2146 uostm
1606 2095 1671 2147 van
1707 2073 1768 2148 der

248 2195 411 2285 Hoevem
456 2191 658 2292 no‘o'logium.
720 2195 824 2266 Anno
861 2192 969 2267 huius·
1001 2193 1128 2268 saeculi
1160 2191 1332 2266 tricesimo
1369 2205 1460 2265 nuno
1499 2189 1641 2264 tertium
1680 2192 1770 2267 bauo

247 2314 373 2390 urbem
417 2308 577 2411 reliquit,
627 2320 765 2386 vocatum
814 2311 1023 2386 Harlemum
1062 2312 1238 2388 actuarius
1280 2311 1505 2386 Hollandicae
1547 2309 1767 2388 scientiarum

248 2433 422 2508 societatis
452 2439 488 2506 et
518 2431 733 2530 praepositus
766 2431 898 2504 muscis
925 2431 1145 2528 Teylerianis.
1196 2431 1357 2506 Harlcmi·
1385 2430 1489 2506 vitam
1521 2431 1595 2530 egit
1624 2439 1767 2507 naturae

248 2576 331 2628 suae
361 2561 396 2625 et
431 2551 572 2649 ingenio
609 2559 869 2648 congruentem.
927 2551 1007 2624 Non
1046 2552 1192 2625 studens
1230 2551 1418 2648 singularia
1452 2551 1623 2648 quaedam
1661 2575 1765 2648 quern

248 2670 463 2748 euecdssime
492 2669 608 2744 amari
634 2670 693 2742 scd
723 2670 791 2743 late
814 2677 991 2766 putentem
1015 2670 1140 2743 artium
1165 2671 1376 2745 naturalium
1397 2688 1559 2769 campum
1586 2692 1767 2770 peragrare

247 2793 389 2877 solitus,
424 2787 581 2887 gaudens
613 2787 826 2860 cruditorum
857 2787 1107 2860 consuetudine
1134 2791 1170 2861 et'
1193 2808 1273 2861 cum
1301 2787 1447 2876 exteris,
1481 2804 1569 2888 quos
1600 2789 1767 2887 plurimos

247 2905 498 3010 peregrinando
525 2915 683 2993 meret,
708 2907 912 2980 commercio
942 2905 1187 3005 epistolarum,
1221 2923 1306 2982 eum
1334 2907 1492 2982 omnium
1520 2908 1768 3007 approbatione

248 3041 286 3104 et
313 3026 485 3102 societatis
516 3025 742 3100 Hellandiuee
774 3025 901 3100 bonore
933 3046 1064 3100 munna
1095 3025 1198 3101 suum
1231 3025 1328 3102 obiit.
1386 3027 1501 3103 Etiam
1529 3027 1663 3103 civibus
1696 3029 1768 3104 suis

247 3148 419 3248 probatas
436 3145 507 3221 fere
533 3145 582 3219 ad
604 3153 750 3218 mortem
778 3146 950 3244 usquein
978 3146 1202 3221 decurionum
1228 3165 1392 3236 numero,
1423 3148 1537 3222 idest
1564 3148 1600 3221 iu
1625 3148 1767 3224 consilio

251 3267 397 3344 multatis
422 3265 579 3365 publico,
605 3263 680 3338 suu.

301 3389 343 3462 ln
374 3387 442 3460 vita
468 3394 539 3460 tam
570 3385 666 3460 varis
684 3384 814 3482 agitata
837 3392 872 3458 et
896 3385 931 3458 iu
954 3391 1051 3460 lanta
1072 3386 1329 3484 disciplinarum
1355 3407 1442 3485 quas
1467 3385 1628 3484 deinceps
1652 3385 1769 3460 docuit

254 3508 415 3581 varietate
439 3526 542 3579 ncmo
565 3503 747 3578 mirabitur
771 3505 905 3578 nullum
931 3527 1099 3604 maguum
1125 3530 1215 3603 opus
1238 3524 1344 3580 uuam
1369 3505 1585 3604 disciplinam
1609 3513 1767 3605 spectans

251 3626 296 3701 ab
322 3626 381 3699 illo
405 3625 616 3700 elaboratum
645 3646 738 3709 esse,
773 3623 834 3697 sed
862 3623 995 3698 diuersa
1019 3624 1063 3697 de
1088 3625 1233 3698 diversis
1257 3625 1474 3724 argumentis
1493 3625 1639 3700 breviori
1662 3626 1765 3726 scrip·

251 3753 333 3820 tura·
359 3745 397 3818 in
424 3746 535 3818 lucem
564 3766 637 3818 esso
666 3743 716 3816 ab¹
735 3765 775 3816 eo
797 3742 899 3816 edito.
951 3742 1037 3816 Prae
1064 3743 1185 3817 ceteris
1209 3749 1324 3818 tamen
1351 3744 1486 3819 colebat
1512 3745 1704 3844 geologiam
1733 3753 1768 3820 et

198 3947 202 3952 ,
251 3863 577 3964 palaeontolngiam,
602 3871 640 3936 et
658 3885 819 3961 magnam
841 3862 875 3936 in
899 3861 962 3936 hos
980 3884 1066 3936 usus
1085 3862 1333 3960 supellectilem
1353 3862 1507 3964 undique
1529 3874 1766 3964 congesserat,

253 4007 373 4082 neque
389 3983 517 4057 desunt
540 3983 686 4081 quaein
712 3982 804 4056 hisce
825 4003 934 4080 quum
963 3982 1142 4082 Belgicus,
1168 3992 1242 4058 tum
1265 3985 1512 4060 Neerlaudicau
1529 3987 1686 4085 regiones
1708 4001 1765 4059 err·

255 4104 399 4204 plorans
415 4101 655 4176 memorabilia
674 4110 708 4174 et
730 4123 817 4175 nova
840 4093 920 4198 ipse
939 4100 1116 4174 inuenerit.
1168 4102 1268 4177 Idem
1287 4103 1508 4202 praesidebat
1527 4103 1614 4193 illis,
1638 4103 1767 4204 qulbus

254 4247 297 4296 ex
323 4221 413 4320 regis
437 4222 573 4297 decreto
598 4221 728 4320 patriae
752 4221 943 4320 geologiam
965 4245 1145 4320 procurare
1167 4222 1346 4321 negotium
1367 4230 1450 4299 erat.

304 4341 409 4414 Vixit·
432 4340 480 4414 ad
505 4349 692 4415 extremam
722 4365 832 4438 usque
863 4347 1074 4414 senectutem
1104 4349 1140 4414 et
1165 4341 1310 4416 excessit
1339 4342 1408 4418 vite
1430 4343 1668 4420 annocentia
1693 4366 1769 4443 sep-

255 4461 457 4558 tuagesimo
471 4479 571 4534 oeno.

307 4580 440 4654 Petrus
454 4579 543 4653 Otto
563 4601 627 4652 van
649 4579 709 4652 dar
730 4579 828 4675 Obys
847 4587 885 4652 et
901 4579 979 4677 ipse
996 4589 1101 4655 natus
1121 4583 1366 4681 educatusque
1376 4583 1521 4682 Delphis
1540 4585 1610 4659 iam
1631 4584 1774 4660 ineunte

262 4707 373 4774 astate
405 4698 593 4796 plurimum
630 4694 864 4770 delectabatur
897 4696 1032 4772 studiis
1055 4699 1310 4797 geographicis,
1347 4701 1535 4791 bialorluia,
1571 4701 1774 4803 antiquariis

258 4817 318 4891 aed
359 4817 556 4915 praesertim
599 4815 868 4936 numismaticia
922 4818 964 4892 In
998 4817 1172 4892 academia
1208 4817 1532 4932 Legatum-Batauis
1568 4825 1778 4900 strenuuin

1560 4944 1611 5018 4*
