4918 6174
705 647 749 713 tt
1180 641 1379 708 SERIES
1413 638 1740 708 securorum.

704 862 738 924 ο.
759 861 797 924 G.
817 861 947 922 courir
967 847 1249 947 interpretabitur
1269 848 1483 936 Homerum,
1503 847 1722 922 Herodotum
1736 854 1772 921 et
1786 844 2027 945 Aristophanis

754 969 1004 1056 Aaronem,
1030 967 1154 1043 diebus
1178 966 1319 1054 Lunae,
1346 965 1470 1040 Martis
1494 973 1529 1040 et
1552 965 1716 1040 Mercurii
1725 1019 2023 1053 .........
2072 961 2156 1038 hors
2179 961 2222 1038 X.

801 1089 1036 1187 Antiquitates
1076 1088 1251 1162 Romanas
1290 1084 1447 1173 docebit,
1485 1083 1608 1160 diebus
1646 1083 1788 1171 Lunae,
1830 1082 1955 1160 Martis
1994 1091 2031 1158 et

832 1209 1032 1296 Mercurii,
1069 1261 1880 1284 .......................
1898 1225 1915 1280 ·.
1944 1261 1954 1280 .
1980 1260 2027 1281 ..
2153 1204 2223 1280 All.

800 1328 892 1403 Cum
924 1327 1029 1426 paulo
1060 1324 1328 1426 provectioribus
1362 1323 1625 1425 Antiquitatum
1658 1323 1893 1400 Romanarum
1923 1347 2029 1400 cause

848 1447 940 1548 leget
984 1445 1143 1522 Tacitum
1191 1457 1226 1520 et
1273 1444 1498 1533 Suetonium,
1548 1441 1671 1518 diebus
1716 1445 1807 1520 loris
1847 1452 1882 1519 et
1919 1443 2031 1518 Vene-

847 1591 916 1654 rrs,
958 1619 2029 1642 ..............................
2214 1619 2222 1638 .

815 1685 956 1760 Scholas
980 1686 1236 1784 Paedsgogicas
1261 1683 1423 1773 habebit,
1455 1683 1580 1760 diebus
1604 1685 1729 1760 Martis
1752 1695 1788 1758 et
1812 1683 1924 1773 Iovis,
1951 1738 1961 1759 .
1988 1739 1997 1758 .
2024 1739 2035 1760 .
2186 1681 2225 1754 ll.

801 1808 922 1881 Artem
949 1805 1125 1880 metricam
1151 1805 1285 1893 tradet,
1311 1806 1435 1881 diebus
1459 1804 1604 1880 Veneris
1628 1815 1664 1880 et
1688 1803 1828 1878 Saturni
1839 1857 2030 1892 ......
2198 1800 2222 1875 l.

803 1926 991 2024 Scriptores
1032 1926 1181 1999 Graecos
1225 1925 1376 2000 cursoris
1415 1925 1559 2000 lectione
1597 1922 1778 2012 tractabit,
1815 1921 1872 1996 die
1907 1920 2032 1997 Martis

849 2043 932 2118 hora
958 2041 1171 2142 vespertina,
1208 2099 1216 2118 .
1253 2096 2027 2119 ......................
2060 2037 2222 2114 vlu-x.

805 2163 909 2238 luitis
926 2162 1212 2262 Palaeographiee
1232 2163 1383 2237 Graecae
1399 2162 1592 2238 candidatis
1603 2163 1813 2238 Litterarum
1827 2159 2030 2260 explicabit,

851 2283 907 2356 die
939 2282 1099 2371 Saturni,
1136 2335 2023 2358 .........................
2077 2279 2223 2354 lx-xt.

703 2415 741 2476 Β.
759 2413 791 2474 Ρ.
813 2417 848 2474 A.
870 2414 972 2474 Dozt
1002 2402 1193 2476 Historiam
1231 2401 1459 2476 universalem
1493 2399 1698 2500 explicabit,
1732 2399 1854 2476 diebus
1890 2400 2030 2490 Lunae,

753 2521 878 2596 Martis
902 2532 937 2595 et
962 2519 1147 2608 Mercurii,
1180 2575 2028 2600 ........................
2167 2517 2222 2592 Xl.

801 2640 922 2716 Varios
944 2640 1035 2716 locos
1059 2639 1222 2716 historiae
1247 2642 1321 2716 aevi
1345 2641 1452 2715 medii
1474 2649 1510 2715 et
1527 2639 1688 2717 historiae
1709 2640 1905 2716 recentioris
1926 2661 2030 2738 expo·

848 2767 929 2847 net,
954 2759 1011 2832 die
1037 2759 1180 2848 Lunae,
1217 2814 2031 2840 .......................
2078 2758 2223 2833 Xlletl.

680 2963 684 2970 ¹
706 2887 749 2951 Μ.
770 2888 821 2948 Du
842 2889 957 2948 varus
976 2877 1150 2976 Linguam
1165 2879 1375 2978 Literesque
1388 2881 1516 2980 patries
1536 2879 1739 2980 explicabit,
1756 2879 1880 2956 diebus
1894 2879 2033 2966 Lunae,

755 2995 880 3070 Martis
904 3004 940 3071 et
964 2997 1148 3087 Mercurii,
1180 3052 2031 3078 ........................
2185 2995 2224 3070 ll.

803 3117 976 3218 Linguam
1010 3117 1214 3217 Literasque
1251 3119 1382 3221 patries
1419 3119 1526 3195 medii
1558 3121 1635 3196 aevi
1673 3118 1878 3219 explicabit,
1913 3116 2036 3193 diebus

851 3238 977 3314 Martis
1011 3245 1047 3312 et
1085 3238 1176 3313 lovis
1186 3293 2036 3328 ........................
2173 3233 2226 3311 111.

804 3359 979 3457 Linguam
1020 3359 1223 3458 Literasque
1259 3360 1387 3458 patrias
1421 3359 1547 3434 saeculi
1582 3359 1689 3435 XVII
1729 3357 1934 3459 explicabit,
1975 3355 2033 3430 die

851 3477 972 3552 Lunae
981 3529 2032 3565 ..............................
2173 3471 2228 3549 lli·

807 3597 861 3670 De
894 3595 1013 3695 lingue
1047 3598 1157 3696 patria
1191 3623 1278 3699 pure
1311 3606 1346 3673 et
1379 3598 1554 3698 eleganter
1578 3597 1758 3674 scribenda
1782 3605 1880 3698 eget,
1906 3595 2035 3673 additis

853 3714 1023 3792 exercitiis
1047 3717 1225 3814 practicis,
1250 3717 1343 3794 horis
1367 3726 1487 3817 postea
1510 3717 1770 3794 constituendis.

807 3832 1010 3910 Carminum
1046 3835 1151 3910 medii
1181 3835 1257 3911 sesi
1288 3837 1606 3938 interpretationem
1629 3836 1782 3912 criticam
1805 3835 2032 3935 provectiores

856 3952 1012 4042 docebit,
1038 3953 1094 4028 die
1119 3955 1244 4029 Martis
1253 4010 2029 4043 ......................
2060 3949 2224 4027 Vl-Vll.

806 4073 979 4172 Linguam
1005 4072 1186 4150 Gothicam
1214 4074 1345 4164 tradet,
1372 4075 1428 4150 die
1451 4074 1545 4149 Iovis
1568 4083 1604 4149 et
1629 4073 1791 4164 Veneris,
1827 4131 1836 4150 .
1873 4127 2028 4152 .....
2183 4073 2226 4149 ΙΙ.

807 4193 980 4292 Linguam
1012 4193 1350 4300 AngloSexonicem
1374 4202 1410 4270 et
1435 4193 1595 4269 Veterem
1616 4194 1782 4270 Frisicsm
1804 4194 1938 4284 tradet,
1960 4194 2033 4269 dis·

857 4311 923 4386 bus
948 4319 983 4387 et
1008 4312 1100 4387 boris
1124 4314 1340 4390 auditoribus
1364 4313 1563 4391 commodis.
2115 4391 2119 4402 ,

712 4445 747 4506 Β.
768 4443 891 4503 FRUIN
926 4431 1117 4509 Historiam
1153 4434 1289 4510 Patriae
1330 4435 1463 4524 tradet,
1504 4435 1627 4510 diebus
1666 4434 1852 4523 Mercurii,
1878 4433 1971 4510 Iouis
1999 4443 2034 4510 et

759 4551 918 4642 Veneris,
957 4610 966 4630 .
1001 4610 2032 4633 .............................
2204 4557 2227 4630 l.

810 4671 998 4863 Hillom
1024 4673 1198 4774 politicam
1219 4674 1335 4775 Belgii
1359 4674 1525 4752 foederati
1548 4683 1696 4775 exponet
1719 4674 1863 4764 diebus,
1883 4673 1977 4749 Iovis
1999 4682 2034 4748 et

891 4792 1002 4868 eueris
1013 4845 2032 4883 ..............................
2172 4791 2230 4868 hl.
