4864 6180
685 628 727 694 96
1280 631 1614 700 atroam

684 861 890 936 possumns;
928 839 1029 938 quale
1064 837 1270 914 institutum
1302 839 1347 914 ad
1378 840 1486 915 instar
1519 838 1714 914 laboratorii
1739 838 1982 938 physiologici,
2007 847 2043 912 et
2064 837 2220 912 instituti

685 959 869 1034 anatomici
896 984 998 1034 sunm
1024 959 1266 1060 professorem,
1294 985 1358 1036 sua
1383 959 1540 1035 subsidia
1562 960 1707 1060 flagitat.
1759 959 1851 1032 Tum
1873 957 2015 1032 demum
2039 955 2218 1054 nosipsos

684 1078 874 1178 ignominia
905 1080 971 1154 ista
1004 1080 1150 1154 adficere
1175 1103 1243 1154 non
1268 1081 1418 1180 amplius
1441 1081 1550 1156 coacti
1576 1079 1724 1190 erimus:
1760 1086 1797 1152 nt
1821 1085 1974 1186 exteros,
2000 1078 2215 1164 Germanos,

685 1211 864 1284 vocemus,
891 1198 951 1272 ubi
980 1198 1169 1296 professore
1195 1199 1384 1274 medicinae
1413 1225 1501 1299 opus
1527 1201 1583 1276 sit.

736 1317 978 1416 Patbologioaa
1008 1319 1208 1418 disciplinae
1234 1329 1347 1420 partes
1371 1321 1490 1420 igitur,
1517 1345 1607 1419 quaa
1633 1343 1747 1394 revera
1777 1317 1925 1392 naturali
1950 1316 2050 1414 quasi
2078 1313 2215 1390 vinculo

683 1437 886 1525 cohaerent,
921 1438 1186 1536 coniungendae
1223 1447 1258 1514 et
1287 1440 1348 1514 uni
1376 1440 1560 1538 eidemque
1582 1438 1763 1540 professori
1785 1436 1973 1513 tradendae
1999 1443 2092 1510 sunt.
2145 1434 2215 1510 Hic

683 1556 718 1630 in
749 1557 869 1654 primis
901 1557 944 1629 de
972 1567 1088 1631 nostra
1111 1557 1301 1632 Academia
1324 1583 1400 1657 ago.
1454 1556 1630 1632 Facillime
1654 1557 1689 1631 in
1719 1557 1796 1646 itta,
1823 1566 1960 1633 sertum
1990 1557 2215 1656 professorem

685 1676 858 1762 vocando,
890 1677 1006 1752 omnia
1042 1676 1128 1750 bene
1157 1677 1322 1751 constitui
1358 1685 1509 1776 possent.
1562 1677 1784 1776 Patbologiae
1820 1678 1982 1752 nimirum
2017 1686 2151 1775 partes,
2178 1674 2213 1748 in

683 1797 805 1870 ceteris
839 1796 1056 1883 Academia,
1092 1797 1234 1870 diversis
1271 1786 1522 1895 professoribus
1556 1796 1760 1883 tradendae,
1799 1797 1851 1871 his
1884 1797 1996 1870 eidem
2031 1796 2215 1870 mandatae

685 1926 787 2002 suut,
806 1941 910 2014 quem
931 1916 1025 1989 vobis
1047 1928 1226 2002 anatome,
1243 1925 1277 1990 et
1296 1915 1374 1990 aliis
1395 1917 1537 2015 insuper
1556 1916 1721 1990 doctrinis
1736 1941 1960 2015 oppressum,
1981 1917 2049 1991 iam
2066 1914 2210 1990 ostendi.

685 2036 793 2110 Hisce
816 2037 939 2110 diebus
961 2037 1159 2134 praesertim
1174 2096 1183 2124 ,
1201 2062 1311 2136 quum
1335 2063 1432 2136 spem
1456 2061 1638 2112 vovemus:
1667 2037 1761 2112 brevi
1777 2049 1931 2136 tempore
1945 2037 2045 2112 nobis
2059 2037 2213 2136 amplam

685 2175 721 2230 et
754 2157 799 2229 ad
835 2157 996 2230 clinicum
1034 2168 1069 2230 et
1105 2159 1361 2258 pathologicnm
1388 2159 1544 2233 studium
1574 2167 1693 2257 aptum
1724 2157 1969 2232 Nosocomium
2002 2158 2123 2231 datum
2155 2157 2213 2244 iri,

684 2276 786 2349 officii
822 2278 889 2349 mei
924 2301 999 2350 esse
1031 2279 1149 2376 putavi
1184 2279 1321 2378 publice
1358 2281 1593 2354 demonstrare
1629 2278 1678 2351 nil
1704 2277 1799 2376 prius
1824 2277 1871 2350 nil
1894 2277 2072 2374 antiquius
2100 2276 2212 2363 vobis,

688 2395 766 2469 viris
805 2396 1050 2494 amplissimis,
1092 2399 1299 2472 Academiae
1340 2397 1567 2472 (iuratoribus
1602 2420 1677 2470 ease
1716 2395 1841 2470 debere
1879 2420 1984 2493 quam
2021 2419 2141 2470 curare
2176 2401 2214 2468 ut

684 2517 930 2592 Nosocomium
968 2518 1183 2616 pathologiae
1220 2517 1400 2614 professori
1432 2527 1467 2592 et
1505 2515 1696 2590 medicinae
1721 2515 1885 2588 studiosis
1912 2515 1958 2588 sit
1981 2515 2086 2588 simul
2110 2513 2212 2589 Insti-

684 2646 801 2710 tntnm
826 2636 1095 2736 pathologicum.

732 2757 850 2830 Liceat
887 2757 971 2830 mihi
1005 2757 1122 2855 paneis
1158 2779 1348 2854 exponere,
1383 2754 1559 2852 quomodo
1595 2753 1850 2852 pathologioum
1883 2753 2091 2828 Institutum
2124 2753 2211 2827 ordi·

686 2876 841 2949 nandum
878 2875 942 2960 sit,
979 2873 1160 2973 fusiusque
1198 2898 1299 2972 agere
1332 2875 1375 2947 de
1409 2873 1609 2972 pathologia
1643 2871 1782 2972 speciali
1806 2873 1917 2960 dicta,
1952 2897 2057 2972 quam
2081 2873 2210 2946 tradere

572 3005 574 3010 '
685 2995 797 3068 clinici
821 2995 1019 3092 professoris
1045 2995 1197 3068 muneris
1222 3019 1301 3092 pars
1323 3003 1377 3068 est
1403 2995 1652 3092 manebitque,
1679 3002 1715 3066 ct
1742 2993 1785 3067 de
1809 2993 1928 3080 cuius,
1953 3019 2035 3067 oum
2060 2993 2101 3068 iis
2123 3017 2211 3091 quae

686 3115 902 3216 pathologica
929 3115 1045 3189 studia
1070 3116 1159 3201 dixi,
1187 3139 1297 3202 nexu,
1324 3125 1376 3188 est
1401 3115 1545 3190 fortasse
1570 3115 1630 3214 qui
1660 3112 1830 3188 nonnulla
1853 3113 1972 3187 andire
1994 3114 2121 3212 cupiat.

736 3237 841 3314 Quod
864 3236 908 3309 ad
935 3236 1093 3309 lnstitnti
1118 3235 1324 3334 pathologioi
1346 3236 1618 3322 ordinationem,
1644 3233 1827 3308 crediderit
1854 3233 2026 3332 quispiam
2052 3257 2109 3308 me
2132 3235 2211 3308 alte·

686 3379 763 3428 rum
785 3355 940 3454 flagitare
966 3355 1210 3431 laboratorium
1239 3355 1537 3455 physiologicum,
1562 3379 1641 3430 cum
1671 3354 1910 3428 instrumentis
1935 3362 1970 3427 et
1992 3354 2212 3452 apparatibus
2285 3349 2287 3354 ⁸

688 3476 806 3572 magni
840 3476 951 3572 pretii.
1003 3477 1082 3548 Non
1117 3476 1165 3550 ita
1200 3501 1254 3550 res
1285 3501 1321 3549 se
1360 3477 1464 3551 habet
1494 3477 1603 3550 Α.Αέ
1636 3475 1812 3549 flectiones
1836 3474 2041 3548 cadaverum
2065 3474 2102 3548 in
2130 3475 2212 3550 bane

688 3594 877 3668 constituto
899 3595 1105 3668 Nosocomio
1126 3595 1198 3668 fieri
1217 3621 1316 3694 posse
1340 3604 1430 3670 certe
1443 3620 1581 3670 necesse
1595 3603 1668 3682 est,
1689 3595 1759 3670 sive
1772 3595 1972 3669 institutum
1985 3604 2080 3669 extet
2094 3595 2212 3694 patho·

688 3714 838 3812 logicum
863 3714 933 3787 sive
959 3715 1182 3788 desideretur.
1235 3713 1284 3786 lla
1310 3738 1387 3786 vero
1411 3737 1464 3788 res
1486 3713 1637 3812 spatium
1655 3720 1691 3785 et
1713 3712 1945 3788 iustrumenta
1968 3712 2209 3812 sibideposcit.

687 3832 931 3932 Arnplificctnr
956 3858 1058 3932 ergo,
1093 3858 1244 3932 cumque
1268 3833 1439 3908 cubiculis
1466 3833 1648 3909 destinatis
1675 3833 1931 3930 investigationi
1955 3832 2210 3932 microscopicae

687 3956 802 4054 adque
829 3953 1063 4052 experimenta
1095 3954 1130 4028 in
1163 3953 1370 4028 animalibus
1400 3953 1632 4042 instituenda,
1666 3963 1890 4027 connectatur
1912 3952 1976 4026 hoc
2001 3952 2129 4026 atrium
2155 3951 2212 4026 ubi

689 4099 781 4148 mors
805 4073 935 4172 gaudet
960 4099 1155 4148 succurrere
1181 4074 1278 4148 vitae.
1316 4073 1372 4146 Ad
1395 4074 1566 4147 chemicas
1580 4072 1862 4172 investigationes
1877 4073 2119 4148 laboratorium
2136 4073 2213 4148 cbe-

690 4193 820 4268 mioum
845 4193 939 4291 quod
961 4193 1123 4269 tabernae
1146 4194 1336 4269 medicinae
1356 4193 1392 4268 in
1411 4217 1499 4267 novo
1515 4195 1722 4268 Nosocomio
1743 4194 1908 4279 addetur,
1929 4189 2047 4280 facile,
2067 4193 2213 4292 ampliti-

688 4317 822 4389 catione
848 4311 998 4410 quadam
1021 4324 1249 4412 apparatuum
1266 4326 1301 4388 et
1314 4315 1623 4387 instrumentorum
1637 4313 1802 4388 idoneum
1821 4313 1919 4388 reddi
1934 4313 2068 4412 poterit.
2104 4311 2212 4392 Quod

688 4434 733 4509 cd
755 4433 986 4507 instrumenta
1014 4431 1072 4506 illa
1098 4433 1238 4532 physica
1261 4433 1372 4521 dicta,
1398 4432 1542 4520 attinet,
1566 4433 1612 4507 ad
1638 4433 1745 4523 lucis,
1772 4457 1955 4520 sonorum,
1982 4430 2212 4506 electricitatie

692 4553 927 4628 musculorum
950 4565 985 4626 et
1006 4577 1187 4628 nervorum
1210 4555 1302 4653 leges
1325 4553 1605 4652 perscrutandas,
1632 4554 1762 4627 nemini
1786 4553 1847 4651 qui
1864 4553 1909 4627 de
1925 4552 2116 4627 medicinae
2140 4561 2211 4625 stu·

695 4672 761 4745 diis
781 4672 931 4746 indicare
954 4674 1082 4771 possit,
1107 4699 1174 4750 non
1198 4673 1416 4774 perspicuum
1440 4673 1528 4762 erin,
1550 4672 1618 4749 illis
1640 4673 1865 4772 pathologiois
1887 4671 2014 4746 studiis
2036 4694 2105 4745 non
2127 4695 2214 4769 opus

695 4813 790 4877 aase;
815 4802 877 4864 aut
898 4792 927 4864 si
953 4817 1214 4893 nonnumquam
1234 4794 1301 4868 illis
1320 4818 1408 4892 opus
1435 4795 1497 4881 sit,
1522 4819 1542 4868 a
1566 4794 1770 4869 laboratorio
1792 4792 2026 4894 physiologica
2052 4805 2214 4868 mutuum
