4918 6174
632 715 633 720 ,
728 646 770 714 26
1241 647 1279 714 G.
1315 648 1347 718 F.
1383 648 1421 716 R.
1456 645 1741 714 SlllthGAR

723 861 938 948 sustentetup
972 853 1128 954 viresque
1162 854 1450 944 eommquieando
1485 851 1649 950 aequiritl
1700 850 1826 934 Onus
1857 850 2049 933 tortuosus
2086 849 2115 924 si
2148 849 2243 948 quod

723 974 897 1072 reliquum
930 981 983 1047 est
1015 973 1179 1073 temperis
1213 981 1249 1048 at
1278 974 1340 1048 otii
1372 974 1407 1047 iu
1442 972 1628 1048 excolenda
1660 971 1888 1070 augendaque
1920 969 2101 1068 disoiplioe
2134 969 2244 1051 securi

722 1117 849 1192 ponere
875 1093 1064 1191 pessimus!

771 1213 813 1295 Iu
834 1236 874 1291 aa
891 1235 928 1286 re
951 1219 985 1300 ot
1006 1211 1197 1300 quimerum
1223 1211 1526 1310 conspirationem
1546 1209 1733 1308 peragendi
1752 1209 1864 1310 operis
1883 1207 2051 1287 divisione
2071 1230 2159 1306 opus
2179 1217 2242 1284 est.

719 1330 969 1429 Unusquisque
1003 1337 1160 1421 nostrum
1190 1330 1225 1408 in
1259 1330 1385 1429 exigua
1417 1329 1617 1428 discipliuae
1647 1337 1744 1430 parte
1777 1336 1870 1407 totus
1901 1335 1975 1419 est,
2010 1333 2047 1400 et
2078 1327 2241 1425 queuiaru

618 1539 621 1544 ⁷
719 1472 775 1522 ers
813 1448 917 1546 longa
948 1455 1002 1522 est
1037 1456 1072 1522 et
1105 1449 1173 1540 vitu
1204 1449 1336 1540 brevis,
1370 1449 1550 1548 partienda
1577 1457 1630 1534 est
1656 1449 1776 1526 sedulo
1808 1449 1898 1526 iuter
1925 1472 2046 1525 omues
2072 1471 2174 1546 opera
2201 1453 2241 1526 ut

719 1567 882 1647 omnibus
901 1569 1056 1647 satisfiet.
1108 1569 1178 1649 Sed
1200 1569 1236 1649 iu
1264 1569 1427 1668 peculiari
1450 1569 1666 1667 singulorum
1685 1593 1788 1667 opera
1813 1576 1925 1647 totum
1947 1591 2017 1644 uon
2041 1566 2235 1666 negligitur.

718 1689 933 1780 Quotidiano
959 1690 1050 1766 iuter
1082 1714 1146 1772 uos
1178 1690 1392 1771 cousuetudo
1422 1697 1458 1764 et
1481 1698 1605 1772 mutua
1635 1688 1853 1772 necessitudo
1878 1686 2070 1764 identidem
2092 1710 2155 1764 uos
2178 1685 2235 1763 ad·

717 1815 853 1900 mouet,
890 1831 1174 1906 unumquemque
1207 1807 1404 1908 inproprie
1440 1832 1542 1906 opera
1577 1829 1646 1884 nou
1686 1831 1761 1886 esse
1799 1807 1929 1894 solum,
1963 1805 2024 1887 sed
2050 1804 2157 1880 alium
2180 1805 2236 1883 elii

625 1959 627 1964 ·
717 1940 778 2004 aut
805 1925 916 2007 luceru
946 1935 1007 2005 aut
1037 1951 1141 2025 epam
1173 1935 1235 2007 aut
1270 1928 1534 2007 iooiumentum
1555 1927 1685 2006 sllerre.
1736 1927 1849 2003 Probe
1877 1924 1972 2000 novit
1998 1923 2234 2022 unusquisque

716 2052 890 2135 ausuum,
920 2069 1019 2120 suam
1041 2071 1180 2144 operam
1202 2071 1264 2145 per
1290 2071 1328 2124 sa
1354 2048 1442 2134 forta
1466 2047 1657 2125 tenuiorem
1683 2045 1729 2124 ad
1753 2053 1868 2122 totum
1889 2044 2090 2146 augendum
2114 2067 2232 2122 ornau-

714 2162 872 2260 dumque
901 2164 1032 2262 aliquid
1062 2165 1234 2256 perterre,
1271 2167 1316 2256 ad
1349 2167 1627 2265 amplificandam
1653 2173 1689 2242 et
1717 2166 1975 2264 propagandum
1999 2163 2112 2262 ipsam
2135 2162 2231 2241 disei-

714 2282 844 2388 plineru
877 2283 923 2358 ad
958 2308 1063 2381 quam
1099 2285 1217 2366 omnia
1249 2286 1430 2372 referimus
1464 2311 1603 2373 omues,
1640 2287 1741 2366 euius
1779 2286 1895 2384 imago
1941 2283 1978 2357 in
2016 2281 2231 2362 uuiversiute
2268 2383 2271 2388 Ι

594 2444 599 2453 -
712 2408 1007 2498 repraesentatur,
1033 2427 1208 2503 quemque
1234 2405 1279 2480 ed
1303 2405 1433 2494 maiore
1454 2429 1588 2504 semper
1614 2413 1650 2480 et
1676 2405 1860 2484 illustriore
1885 2403 2008 2482 evehat
2034 2402 2231 2482 universitas

710 2517 1033 2616 LugduuuBetera
1046 2524 1054 2594 l

1361 2703 1598 2714 m·-

761 2873 902 2952 Aeeedo.
920 2875 966 2950 od
989 2875 1131 2957 alteram
1153 2880 1323 2976 propositi
1347 2883 1416 2958 mei
1436 2890 1569 2980 partem
1592 2891 1627 2968 et
1646 2880 1797 2980 primum
1818 2881 1864 2955 ud
1885 2879 1955 2954 Vos
1980 2881 2230 2962 memerato,

711 2995 928 3094 amplissimi
967 2996 1172 3086 Curatores,
1214 3023 1302 3096 quos
1337 3024 1459 3079 omnes
1499 3001 1609 3076 risere
1646 3009 1682 3080 et
1723 3001 1834 3076 velere
1871 2999 2020 3077 maxime
2053 2997 2231 3076 laetamur.

712 3112 960 3208 Desideratum
998 3115 1142 3213 quidem
1183 3117 1388 3205 aeteruum
1430 3128 1582 3196 vestrum
1619 3121 1657 3200 ir
1693 3119 1936 3220 gravissimum
1971 3117 2135 3199 morbum
2169 3116 2232 3190 im·

712 3233 892 3332 plipitum⁴
922 3235 1023 3326 ouius
1053 3236 1143 3313 vices
1175 3237 1251 3328 Tu,
1282 3238 1575 3337 praestantissime
1606 3238 1649 3315 de
1680 3239 1813 3336 Bruyu'
1832 3237 1953 3335 Kops„
1984 3235 2169 3341 diligenter
2198 3240 2232 3309 et

711 3351 860 3451 impigre
887 3354 1001 3430 adhue
1028 3355 1219 3453 explevisti.

762 3587 793 3680 ll
816 3585 1052 3671 Pmlessorum
1076 3615 1221 3682 numero
1244 3593 1331 3676 dues
1353 3616 1445 3671 mors
1467 3594 1631 3683 abstulit,
1657 3617 1809 3692 quorum
1828 3593 1914 3669 ulter
1935 3592 2005 3670 iam
2024 3617 2085 3691 per
2106 3594 2230 3672 mutter

715 3729 824 3800 qpuos
854 3706 921 3784 ulio
952 3708 1140 3807 proleqtus,
1179 3713 1291 3789 sulum
1321 3713 1464 3808 titulum
1495 3713 1683 3804 retinebat,
1718 3713 1804 3793 alter
1838 3736 1958 3793 museo
1989 3711 2231 3791 numismatiou

714 3825 929 3924 pruepositus
955 3827 1096 3920 honoris
1115 3855 1224 3914 erues,
1246 3828 1446 3931 professoris
1474 3833 1576 3911 titulo
1606 3831 1778 3920 utebatrm
1828 3833 1882 3916 De
1911 3828 2228 3930 eamquebeato

713 3942 836 4025 dicem.

762 4063 910 4153 lacubus
942 4065 1136 4164 Gysbertus
1165 4069 1305 4160 Samuel
1341 4094 1405 4150 sau
1441 4072 1571 4160 Breda,
1609 4069 1754 4170 Delphis
1786 4081 1892 4146 uatus
1919 4078 1955 4146 et
1983 4065 2228 4154 edomamus

712 4179 888 4254 academia
909 4180 1249 4280 lugduno-Batava,
1275 4187 1363 4261 duce
1389 4198 1524 4286 preeter
1549 4188 1634 4263 elios
1659 4189 1916 4288 Brugmausio„
1936 4187 2062 4268 studiis
2088 4209 2228 4285 operam

715 4298 821 4375 dedit.
872 4303 994 4379 Quum
1026 4311 1151 4390 ustura
1185 4329 1266 4382 eum
1300 4305 1346 4396 erl
1376 4315 1470 4396 artes
1501 4309 1674 4396 emmeles
1704 4309 1910 4396 exeoleudos
1941 4307 2101 4394 duraret,
2140 4303 2227 4403 patri

712 4416 924 4510 medicinam,
955 4421 1125 4505 exercenti
1163 4420 1369 4515 obsecutus,
1406 4449 1486 4500 eum
1523 4427 1591 4514 illis
1628 4427 1754 4514 studiis
1792 4428 1998 4514 medieiusm
2039 4422 2227 4503 eoniuuxit.

711 4537 874 4638 Adeptus
901 4547 1086 4640 utramque
1114 4541 1266 4623 laureum
1298 4544 1504 4634 doctoralem
1534 4545 1684 4634 Parisios
1707 4547 1828 4646 petiit„
1866 4549 1973 4646 eopiis
2002 4546 2049 4623 ed
2080 4541 2228 4642 diseipli·

712 4679 835 4746 nutum
864 4681 968 4752 usum
993 4660 1063 4740 illie
1089 4663 1261 4761 eouqestis
1291 4687 1428 4748 rasurus,
1479 4665 1605 4750 Bedux
1629 4665 1666 4740 iu
1694 4666 1845 4771 patriam
1867 4665 2019 4766 primum
2045 4661 2226 4766 Lugduni,-

710 4774 919 4862 Retsuorum
940 4788 1112 4872 moratus,
1131 4787 1260 4881 rogatu
1273 4783 1399 4880 putris,
1418 4784 1691 4874 Rotepedemum
1712 4785 1757 4860 ad
1777 4783 2001 4872 exeroeudem
2020 4782 2228 4862 medicinam
