4864 6180
841 710 1123 779 onanlo.
1703 711 1745 778 93

220 931 318 1009 ruto;
352 920 521 996 chemiam
546 921 804 1021 pathologioam
838 947 978 1020 prorsus
1002 933 1118 1010 taceo;
1144 923 1221 1020 lege
1247 921 1386 1019 quidem
1414 921 1488 1018 ipsa
1514 919 1675 994 lectiones
1703 917 1746 993 da

219 1049 380 1116 anatome
410 1041 626 1140 pathologiae
655 1066 723 1115 non
751 1042 959 1141 praescripta
984 1052 1162 1139 putantur.
1204 1041 1297 1116 'Palis
1322 1065 1434 1116 rerum
1464 1049 1574 1114 status
1597 1039 1632 1113 in
1658 1041 1746 1114 Aca·

222 1160 345 1234 demiis
379 1161 504 1235 nostris
540 1185 676 1236 manere
714 1186 781 1236 non
817 1171 952 1259 potest3
985 1161 1134 1236 dedecus
1159 1171 1214 1235 est
1236 1161 1368 1236 nomini
1390 1162 1523 1236 Batavo
1544 1162 1578 1234 in
1601 1158 1748 1233 medicis

221 1281 346 1356 stodiis
376 1281 605 1358 celeberrimo.
636 1283 640 1298 “
1275 1347 1278 1350 ,

272 1401 333 1476 Nil
368 1401 569 1489 ardentius,
605 1403 654 1476 nil
686 1403 787 1476 citius
815 1401 923 1499 igitur
950 1401 1146 1476 faciendum
1176 1425 1249 1474 esse
1278 1409 1382 1499 puto,
1410 1424 1514 1498 quam
1541 1399 1746 1474 creationem

222 1525 375 1597 instituti
403 1523 496 1619 quod
522 1523 663 1610 dicunt,
681 1522 891 1620 patholopiri
919 1522 955 1594 in
982 1521 1178 1595 Academiir
1207 1521 1342 1594 nostris.
1396 1519 1538 1594 Habent
1561 1520 1746 1607 Germani,

222 1642 402 1717 habebunt
439 1641 795 1728 Amstslodamenses,
832 1666 894 1715 nos
922 1625 1031 1715 'etiarn
1065 1642 1224 1715 institam
1260 1639 1450 1715 habeamus
1478 1639 1744 1738 pathologicum.

223 1760 391 1833 Instituta
423 1761 633 1846 anatomico,
668 1759 871 1834 laboratorio
894 1759 1146 1858 physiologico,
1173 1759 1283 1834 tribus
1311 1761 1443 1834 clinicis
1471 1759 1640 1832 institutis
1661 1784 1746 1857 gau·

223 1878 366 1965 demus;
398 1902 442 1951 ne
477 1878 608 1951 diutius
644 1879 751 1976 igitur
782 1880 983 1953 institutum
1018 1879 1274 1978 pathologicum
1316 1879 1538 1954 desideretur.
1600 1879 1747 1976 Oportet

224 1998 455 2098 pathologiam
481 1998 615 2072 tertiam
644 1999 679 2072 iu
705 1999 881 2098 republica
906 2000 1162 2099 disciplinarum
1188 2000 1398 2074 medioarum
1422 2008 1627 2097 potestatem
1653 2020 1746 2084 esse,

224 2119 253 2192 si
281 2129 463 2194 anatomen
499 2128 535 2192 at
570 2117 818 2218 physiologiam
855 2120 928 2193 sani
960 2119 1110 2218 corporis
1141 2120 1286 2219 primam
1312 2129 1347 2193 et
1372 2119 1559 2193 secundam
1590 2117 1748 2191 dicimus.

224 2239 377 2314 Tandem
414 2239 487 2312 suis
518 2238 653 2313 iuribus
686 2251 721 2314 et
754 2241 942 2340 privilegiis
977 2240 1130 2327 fruatur,
1168 2239 1306 2314 tandem
1347 2241 1381 2313 in
1411 2265 1474 2314 suo
1508 2263 1629 2336 campo
1663 2237 1750 2312 vires

208 2341 306 2434 'suas
351 2359 529 2432 intendere
571 2360 696 2456 possit!
741 2363 842 2439 Quae
877 2359 1047 2434 eiusmodi
1090 2360 1243 2433 instituti
1283 2359 1491 2458 pathologici
1527 2367 1649 2432 natura
1687 2357 1750 2445 sit,

224 2479 343 2576 paucis
375 2487 512 2552 tantum
551 2479 662 2552 verbis
688 2480 930 2577 explicandum
959 2481 1043 2567 erit,
1073 2478 1280 2576 posthaec,
1312 2503 1400 2576 quae
1429 2503 1533 2576 supra
1561 2478 1604 2550 de
1631 2478 1749 2574 patho·

224 2597 336 2696 fogiae
361 2597 612 2696 significatione
637 2601 705 2672 iem
726 2599 1002 2674 commemoravi.

277 2718 381 2794 Quod
419 2719 567 2814 primum
602 2725 654 2792 est
688 2718 1000 2817 gravissimumque
1033 2719 1125 2792 adsit
1161 2729 1293 2793 vastum
1329 2720 1596 2805 Nosocomium,
1632 2741 1749 2814 aegro·

224 2837 375 2912 tantiam
407 2861 534 2934 magna
568 2837 666 2936 eopia
698 2831 878 2936 repletum.
931 2839 972 2910 In
1008 2838 1214 2912 Nosocomio
1247 2837 1363 2912 adsint
1392 2839 1572 2924 cubicula,
1606 2862 1748 2935 appara·

225 2964 283 3029 tus
321 2965 357 3026 et
397 2955 559 3030 materiae
596 2956 725 3054 quibus
762 2956 896 3054 indiget
934 2955 1151 3055 pathologiae
1190 2944 1379 3054 professor,
1418 2957 1478 3056 qui
1515 2957 1747 3056 pathologiam

225 3075 419 3174 generalem
465 3077 586 3150 doceat
627 3086 662 3149 et
703 3077 913 3151 anatomicas
957 3086 992 3150 et
1032 3076 1203 3150 cbamicas
1248 3077 1508 3151 exercitationes
1553 3077 1749 3151 moderetur

225 3193 468 3294 pathologicas.

275 3315 330 3388 Sic
353 3314 511 3413 inprimis
535 3315 689 3390 studium
716 3327 893 3390 anatomas
918 3316 1153 3415 pathologicae
1176 3317 1296 3390 florere
1322 3317 1458 3414 poterit.
1509 3315 1637 3388 Omnia
1659 3338 1748 3388 mor·

226 3445 366 3509 tuorum
398 3460 538 3535 corpora
572 3436 751 3534 indagari,
787 3446 901 3536 parter
934 3437 1111 3510 morbosae
1149 3436 1361 3510 enucleatius
1396 3435 1617 3532 investigari,
1654 3435 1749 3533 quod

226 3564 401 3654 repertum
435 3555 500 3643 sit,
534 3581 612 3632 cum
654 3556 794 3631 historia
832 3557 964 3644 morbi,
1001 3581 1081 3631 cum
1118 3555 1409 3654 symptomatibus
1441 3556 1476 3629 in
1506 3556 1599 3654 aegri
1629 3555 1750 3630 morbo

227 3677 416 3774 comparari
461 3676 574 3751 debet.
639 3675 717 3751 Hoc
760 3663 896 3764 modo,
930 3677 1148 3776 pathologiae
1185 3676 1353 3775 professor
1392 3677 1529 3752 clinicos
1569 3676 1750 3775 professori

226 3794 382 3870 dextram
412 3797 556 3896 iunget,
591 3798 735 3895 eiusque
763 3797 927 3872 lectiones
952 3797 1092 3871 clinicus
1117 3797 1241 3870 mirum
1271 3797 1307 3869 in
1339 3797 1480 3870 modum
1508 3796 1750 3871 fructuosiores

226 3913 358 3990 sacer.
1695 3899 1744 4000 .’

278 4025 425 4133 insuper
460 4036 678 4135 pathologiae
715 4036 885 4135 professor
916 4038 1079 4112 lectiones
1106 4039 1287 4113 continuas
1314 4035 1439 4110 habeat
1463 4035 1506 4109 de
1533 4035 1749 4134 pathologioa

228 4163 387 4229 anatome
426 4158 589 4256 speciali,
624 4157 660 4231 id
693 4171 745 4232 est
777 4157 820 4232 de
856 4157 1069 4256 singulorum
1103 4181 1310 4255 organorum
1345 4164 1380 4230 et
1411 4157 1553 4230 telarum
1582 4155 1750 4231 morbosis

228 4273 489 4365 allectionibus,
523 4277 558 4350 in
592 4302 661 4375 que
695 4277 912 4376 pathologiae
948 4289 1043 4374 parte
1073 4279 1176 4352 etiam
1211 4301 1331 4350 omnes
1363 4276 1510 4350 studiosi
1538 4278 1750 4374 microscopii

227 4416 303 4494 ope,
328 4396 394 4494 ipsi
422 4421 458 4469 se
490 4409 680 4472 exerceant.
733 4399 904 4471 Anatome
927 4397 1143 4496 pathologiae
1168 4395 1344 4496 specialis,
1370 4408 1404 4468 et
1427 4421 1569 4470 examen
1595 4398 1747 4497 patholo-

228 4513 345 4611 gicum
378 4514 533 4588 omnium
555 4527 655 4613 'quae
684 4517 779 4614 aegri
806 4515 975 4602 viventes,
1001 4526 1063 4590 aut
1089 4517 1218 4592 insecta
1242 4525 1428 4615 aperteque
1450 4542 1589 4614 corpora
1613 4526 1747 4591 mortua

229 4631 273 4706 ad
305 4633 581 4732 investigandum
617 4635 823 4733 praebeant,
860 4635 1014 4708 studium
1051 4637 1266 4734 pathologiae
1295 4637 1473 4711 constituit
1497 4637 1653 4723 illorum,
1687 4638 1749 4735 qui

85 4803 88 4812 t
230 4752 333 4852 vulgo
358 4754 548 4830 medicinae
570 4754 745 4830 candidati
769 4755 997 4853 appellantur.

280 4872 349 4946 Sed
386 4874 488 4950 etiam
523 4873 658 4950 futuros
692 4875 881 4950 medicinae
918 4875 1120 4950 candidatos
1150 4874 1310 4952 informet
1341 4876 1557 4976 pathologiae
1581 4877 1750 4976 professor
