4918 6174
915 623 1193 692 ΟΒΔΉΟ.
1776 626 1817 692 lo

289 827 568 904 institutionibus
594 829 762 928 practicis.
812 831 913 907 Adeo
941 831 980 907 in
1016 832 1109 906 hisce
1139 841 1273 908 mantes
1295 833 1475 909 hominum
1500 840 1596 908 tenet
1617 834 1814 933 persuasio,

280 947 363 1026 ore
391 957 431 1026 ut
450 949 530 1050 ipsa
552 948 715 1039 ementis,
742 957 834 1026 certo
857 961 895 1028 et
915 960 1084 1052 perpetuo
1108 977 1213 1028 cursu
1238 955 1462 1053 amplificata,
1490 977 1596 1029 novos
1618 977 1753 1053 semper
1778 961 1814 1028 et

160 1141 164 1149 .
288 1067 405 1167 plures
427 1067 561 1146 frosclus
587 1069 624 1145 in
650 1070 739 1172 vitae
767 1095 870 1146 usum
900 1079 939 1146 at
959 1071 1184 1148 commodum
1209 1073 1329 1172 pariat.

227 1367 228 1370 ,
338 1308 389 1382 Ut
413 1309 552 1384 redeam
580 1310 627 1386 ad
654 1309 849 1386 botanicann
879 1313 1179 1410 systematicama
1211 1339 1280 1412 qua
1313 1310 1458 1412 digressi
1487 1333 1631 1400 sumus,
1667 1311 1813 1411 pristina

284 1427 449 1506 abaciam
475 1429 597 1506 ἀίιίιίο
625 1453 687 1528 pro
715 1437 839 1506 natiue
860 1456 976 1506 rerum
999 1433 1246 1529 pmduotarum
1270 1433 1384 1506 locum
1419 1430 1524 1504 cessit
1555 1454 1684 1519 novae,
1709 1433 1811 1508 cinna

286 1546 516 1624 fundamenta
537 1557 620 1624 sunt
644 1559 746 1625 notae
770 1549 815 1624 ab
841 1549 925 1648 ipsis
946 1549 1074 1647 plantis
1097 1550 1287 1624 desumtae.
1331 1547 1502 1647 Bipartito
1525 1546 1609 1622 haec
1633 1549 1810 1626 Iinnaeua

286 1667 540 1768 distinguebat:
579 1676 652 1744 erat
686 1668 869 1744 artificiosa
896 1669 1087 1757 ordinatio,
1113 1693 1203 1769 quae
1222 1667 1386 1744 facillime
1410 1675 1446 1742 et
1468 1668 1721 1767 simplicissime
1744 1670 1810 1744 du·

284 1786 384 1862 esbal
420 1788 466 1863 ad
499 1787 735 1887 agnoscendus
768 1795 804 1862 et
838 1788 1088 1887 dignoscenms
1122 1790 1270 1889 species,
1301 1795 1340 1863 at
1375 1797 1448 1862 crat
1487 1789 1653 1864 naturalis
1686 1788 1809 1880 alters,

281 1905 453 2007 difficilior
474 1915 509 1982 at
533 1907 740 1997 intricatior,
775 1907 859 2006 quin
885 1909 1010 1984 nititur
1035 1910 1264 1985 similitudine
1294 1917 1332 1984 et
1362 1907 1646 1982 dimimilitudine
1674 1908 1810 2009 inipso

280 2049 463 2124 corporum
487 2051 652 2128 compage
683 2028 720 2103 in
753 2028 963 2104 universum.
1015 2030 1095 2128 Ipse
1128 2030 1216 2105 nibil
1251 2029 1319 2104 nisi
1352 2026 1558 2103 adumbrare
1583 2028 1667 2102 haec
1687 2028 1809 2127 primis

279 2145 497 2224 mammos
529 2147 664 2247 potuit,
699 2149 761 2227 sed
790 2149 885 2224 illam
920 2149 1124 2241 methodum
1156 2158 1265 2225 totam
1302 2148 1491 2248 explicare,
1529 2147 1565 2221 id
1600 2173 1698 2236 vero,
1734 2148 1811 2247 ipso

278 2265 412 2356 iudica,
447 2276 521 2342 erat
555 2267 719 2344 amentiae
758 2293 935 2344 summum
965 2269 1165 2369 fatigium,
1201 2278 1238 2344 et
1267 2269 1331 2367 qui
1363 2275 1555 2368 postcom
1589 2267 1701 2342 dere
1733 2267 1809 2343 her·

278 2385 375 2461 baria
394 2386 525 2485 optime
547 2387 663 2462 meriti
684 2397 784 2478 sunt,
809 2390 874 2466 hoc
898 2389 1120 2489 potissimum
1146 2388 1260 2464 conati
1283 2396 1366 2462 sunt
1388 2386 1536 2485 assequi

326 2505 428 2584 Quid
449 2495 569 2581 autem
597 2508 739 2595 accidit,
775 2533 886 2607 quum
921 2509 1110 2584 multorum
1143 2508 1235 2584 curis
1264 2533 1307 2584 ac
1339 2505 1519 2581 laboribus
1554 2506 1638 2581 haec
1672 2506 1808 2582 erudita

277 2623 449 2700 ordinatio
472 2625 601 2724 qnippe
624 2627 695 2724 ipsi
716 2628 920 2726 disciplinae
944 2635 1102 2703 accurata
1131 2627 1343 2726 respondens
1375 2624 1539 2700 omnibus
1561 2625 1720 2724 partibus
1742 2627 1807 2702 ab·

278 2744 391 2818 solutu
412 2743 564 2842 prodiret
586 2745 622 2817 in
646 2745 783 2820 lucem?
833 2747 925 2820 Tum
955 2771 1033 2820 vero
1059 2747 1240 2845 apparuit,
1273 2745 1408 2843 plantas
1438 2751 1576 2841 propter
1603 2745 1805 2820 affinitatem

278 2860 472 2936 botanicum
501 2871 729 2962 congregatos
761 2866 900 2940 easdam
924 2890 1000 2940 esse
1030 2874 1070 2940 ut
1101 2864 1309 2964 plurimum,
1345 2861 1474 2960 quibus
1507 2862 1602 2960 quod
1628 2863 1673 2937 ad
1701 2887 1805 2939 usum

276 2981 400 3056 attinet
437 2983 602 3082 analogae
639 2983 820 3059 facultates
851 2985 1015 3060 inessent
1066 2984 1197 3058 Verum
1233 3005 1312 3056 ease
1338 2988 1416 3054 tum
1452 2981 1612 3079 apperuit
1639 2983 1676 3055 id
1710 2983 1804 3082 quod

275 3107 377 3176 antee
397 3099 444 3175 ab
465 3100 542 3176 aliis
571 3101 797 3191 affirmatum,
831 3111 998 3204 negatum
1026 3103 1072 3179 ab
1106 3102 1182 3177 aliis
1211 3102 1343 3190 fueras
1379 3123 1504 3198 nempe
1532 3125 1615 3175 cum
1646 3101 1804 3200 analogia

273 3220 310 3295 in
330 3227 474 3295 externe
498 3220 610 3299 formu
630 3232 669 3298 et
691 3230 865 3299 struetrua
887 3225 1037 3324 eorporis
1069 3247 1261 3299 connexam
1291 3246 1365 3296 esse
1395 3222 1589 3319 analogiam
1619 3223 1658 3297 in
1691 3223 1801 3322 quali·

274 3339 406 3416 &tibus
429 3340 604 3416 chemicis.

320 3460 414 3534 Sunt
432 3460 497 3559 qui
521 3460 700 3536 scientiam
728 3468 786 3554 (ut
807 3463 858 3537 ait
880 3463 1088 3538 Decandolle
1112 3463 1156 3537 de
1184 3462 1249 3536 hoc
1272 3469 1478 3560 argumento
1502 3461 1639 3559 copiose
1662 3463 1796 3556 cluana)

272 3580 532 3678 appellaverunt
558 3591 669 3656 artem
705 3581 933 3669 vetimnandi,
966 3590 1003 3657 et
1034 3589 1282 3658 commemorat
1310 3581 1583 3680 peregrinatores
1600 3583 1797 3680 *quosdam

273 3699 350 3796 qui,
373 3724 484 3798 quum
511 3701 548 3775 in
571 3725 630 3776 ora
659 3701 760 3801 longe
783 3701 904 3777 nouo
929 3725 1056 3777 novam
1078 3701 1285 3800 reperissent
1312 3699 1545 3789 Crucilaram,
1570 3709 1710 3800 propter
1732 3701 1796 3776 bo·

273 3818 422 3894 tanicam
451 3820 526 3894 eins
558 3820 760 3898 affinitatem
793 3846 874 3898 cum
900 3821 1080 3897 notissima
1115 3819 1315 3896 Cochlaaria
1345 3819 1525 3907 officinali,
1560 3844 1637 3894 eam
1675 3818 1793 3895 stadm

273 3937 507 4015 adhibuerunt
539 3941 587 4016 ad
625 3941 835 4016 medendum
880 3939 1001 4016 morbo
1047 3939 1263 4030 scorbutioo,
1309 3947 1344 4014 et
1380 3963 1435 4014 res
1478 3964 1638 4039 prospere
1677 3941 1792 4014 cessit.

272 4056 328 4130 De
349 4081 388 4132 se
412 4058 701 4158 ipso,1alert,ae
726 4061 866 4159 aliquod
890 4059 1191 4160 gummi-resinam
1216 4068 1357 4161 propter
1384 4060 1460 4134 mus
1486 4059 1669 4157 qualitates
1694 4059 1793 4134 attri-

272 4175 390 4251 buirse
414 4179 552 4277 plantae
569 4203 614 4254 ex
638 4178 769 4254 familia
789 4180 1111 4267 Umbellilerarurn‚
1136 4180 1291 4254 atillam
1315 4181 1545 4256 coniecturum
1570 4179 1689 4278 paucis
1713 4189 1793 4278 poet

272 4297 393 4385 annis,
419 4309 552 4399 reperta
572 4299 648 4398 ipsa
671 4300 790 4399 planta
812 4300 913 4399 plane
936 4324 1011 4374 esse
1036 4301 1284 4375 confirmatam.
1460 4364 1465 4372 .

322 4417 414 4517 Ergo
436 4417 496 4493 illa
520 4419 721 4507 methodus,
756 4443 845 4517 quae
875 4419 985 4518 ipsius
1017 4420 1220 4518 disciplinae
1254 4425 1413 4495 naturam
1437 4418 1587 4493 maxime
1610 4417 1790 4515 sequitur,

273 4537 394 4612 eadem
418 4539 463 4613 ed
488 4539 581 4614 ritae
611 4561 717 4612 usum
740 4537 890 4612 maxime
914 4539 1071 4638 apposita
1100 4565 1177 4614 esse
1202 4537 1419 4636 intelligitur.
1468 4536 1659 4634 Disciplina
1688 4534 1793 4608 altius

272 4657 409 4732 evolans
435 4665 471 4731 et
494 4657 614 4756 prasio
638 4656 728 4732 infra
750 4681 787 4732 sa
807 4659 1027 4756 relinquens,
1064 4661 1190 4734 deinde
1213 4659 1244 4734 ei
1272 4683 1314 4733 ex
1337 4659 1407 4732 alto
1428 4679 1570 4733 ananum
1595 4653 1792 4754 porrigens,

272 4777 564 4853 mmmmm
