4918 6174
894 648 1174 717 ΟΗΉΟ.
1756 650 1799 718 28

276 855 369 930 lrisue
393 879 497 932 onem
524 881 599 932 esse
622 856 779 954 linguam
800 865 836 928 et
857 857 979 932 endem
1004 855 1167 932 omnihus
1191 855 1356 932 uocabula
1380 857 1623 958 potiusquam
1647 863 1686 927 ut
1709 862 1797 951 quot

275 975 395 1074 pepuli
416 983 500 1054 sunt
521 975 667 1050 totidmn
686 973 818 1071 linguis
838 985 994 1063 utemuu
1020 984 1194 1076 praeterea
1221 976 1259 1050 in
1281 975 1499 1074 descriptivie.
1517 973 1650 1054 artibus
1675 973 1796 1076 lingue

275 1095 426 1194 eulgnris
455 1119 518 1170 nes
548 1093 665 1168 deficit
694 1093 740 1168 ad
765 1095 972 1172 mcessar'm
997 1096 1238 1172 distinctiones
1259 1119 1420 1194 expresse
1446 1103 1481 1170 ct
1504 1093 1700 1174 indubitate
1722 1094 1795 1193 sig·

273 1214 426 1304 nmdm,
468 1215 517 1290 ita
548 1223 588 1289 ut
614 1238 751 1314 semper
782 1239 870 1314 opus
906 1217 952 1290 sit
980 1215 1155 1292 vocubulis
1188 1227 1262 1292 crte
1299 1215 1407 1292 iactis.
1466 1215 1543 1292 lam
1575 1237 1656 1292 vem
1688 1212 1798 1292 latios

273 1333 458 1422 vocabulo,
490 1335 599 1408 multe
631 1357 772 1431 greecee
807 1333 970 1434 originis,
996 1336 1125 1410 hebent
1151 1335 1327 1410 uodonem
1351 1343 1498 1420 eertum,
1527 1333 1672 1420 clarem,
1704 1333 1794 1412 iuter

271 1475 392 1528 omues
416 1461 642 1532 constantem.
693 1453 875 1551 Expreseis
906 1454 1123 1528 lineamentis
1150 1454 1257 1530 veluti
1283 1477 1338 1528 res
1371 1453 1463 1552 ipsus
1489 1453 1702 1550 depinguut3
1731 1453 1790 1526 de·

272 1570 473 1668 scriptiones
501 1577 583 1643 snat
613 1570 769 1644 concisae
798 1580 832 1644 et
861 1571 1070 1668 perspicuae.
1123 1571 1159 1644 si
1193 1573 1374 1646 vernacule
1398 1571 1537 1644 verteris
1561 1570 1676 1644 nescio
1702 1571 1787 1666 quid

270 1689 424 1764 nascitur
448 1712 573 1787 uagum
599 1696 636 1762 et
662 1687 866 1786 ambignum
891 1699 927 1765 et
951 1690 1142 1770 verbosum.

320 1809 481 1882 Dolorem
501 1807 664 1906 equidem
688 1807 716 1881 si
739 1807 893 1886 letinitas
913 1809 950 1884 in
975 1809 1103 1886 talibus
1131 1835 1172 1886 ex
1197 1810 1374 1888 communi
1402 1833 1467 1886 usu
1493 1808 1679 1884 tolleretur.

316 1928 523 2002 Praesertim
544 1936 680 2014 temam
703 1938 739 2002 et
760 1927 824 2002 hoo
843 1928 888 2002 de
906 1929 1071 2004 omnibus
1095 1930 1202 2018 valet,
1226 1929 1347 2006 sedulo
1367 1928 1559 2004 cavendum
1584 1951 1630 2004 ne
1653 1927 1793 2003 abolitis

255 2045 392 2120 studiis
422 2046 572 2120 elnaem&
603 2069 764 2144 magnam
787 2047 956 2124 solidioris
980 2049 1155 2126 doctrinae
1181 2051 1347 2124 iacturam
1373 2048 1551 2126 leeinmus.
1602 2046 1790 2124 Praeterie-

266 2177 347 2240 ruut
383 2165 443 2240 ille
475 2177 634 2264 tempore
669 2191 777 2264 quum
815 2169 934 2242 omnis
970 2169 1074 2246 letine
1111 2170 1316 2246 docerentur
1350 2193 1438 2266 quoe
1475 2192 1568 2242 nunc
1600 2165 1721 2242 melius
1752 2173 1792 2240 et

265 2287 390 2362 olarios
414 2287 593 2362 vernaculo
620 2311 777 2360 sermone
796 2299 1027 2387 erponuutur.
1079 2290 1193 2364 Probo
1215 2290 1309 2392 quod
1335 2289 1370 2364 iu
1401 2286 1590 2386 gymnasiis
1614 2285 1790 2362 hodiernis

265 2406 412 2481 mathesi
434 2417 469 2480 et
488 2405 617 2506 linguis
640 2406 888 2482 recentioribus
911 2433 997 2482 suus
1019 2408 1116 2486 locos
1136 2409 1333 2508 assignatus
1357 2407 1518 2482 estetsi
1542 2429 1613 2502 qna
1634 2404 1703 2480 elia
1719 2403 1784 2480 im·

264 2525 379 2600 bunut
410 2527 543 2600 enimes
580 2525 626 2599 ed
664 2525 875 2603 ocedemicss
911 2526 1083 2604 lectiones.
1133 2528 1310 2604 Lubenter
1343 2528 1448 2602 etiam
1481 2524 1707 2624 quaesiverim
1739 2523 1785 2600 ab

264 2643 386 2720 harum
420 2667 534 2720 rerum
566 2644 707 2742 peritis,
742 2668 856 2718 aunon
889 2645 963 2743 ipsc
995 2647 1200 2720 instituendi
1226 2647 1313 2720 ratio
1338 2645 1447 2744 magis
1472 2667 1512 2718 eo
1534 2640 1785 2718 accommodari

261 2762 370 2861 pessit
397 2773 437 2835 nt
468 2761 577 2838 ssimi
601 2761 769 2836 iuveniles
793 2763 840 2836 ed
861 2763 979 2837 stedia
997 2765 1138 2838 clussica
1170 2765 1373 2840 alliciantur.
1425 2765 1475 2838 At
1501 2762 1554 2836 vel
1581 2761 1630 2836 sic
1666 2770 1782 2836 tamen

262 2881 427 2956 dimotio
459 2881 503 2956 sb
542 2881 612 2956 illis
643 2882 706 2979 qui
736 2881 879 2981 cupiant
910 2882 1064 2982 lingens,
1097 2907 1184 2982 ques
1208 2895 1361 2960 mortuas
1384 2882 1580 2982 appellant,
1619 2878 1782 2956 omnibus

260 3007 396 3099 praeter
428 3025 486 3074 eos
518 3001 579 3100 qui
611 3001 646 3075 in
679 3001 732 3076 his
760 3001 805 3075 de
838 3001 1010 3077 industrie
1041 3002 1197 3077 studium
1230 3013 1384 3102 ponunt,
1422 3026 1538 3076 revera
1570 3011 1724 3076 mortuos
1747 3008 1783 3076 et

262 3119 415 3220 sqrultee
440 3143 588 3196 manere.
1483 3139 1485 3144 ’

309 3239 440 3314 Contra
459 3241 695 3338 quaerendum
716 3249 769 3316 est
792 3265 901 3341 ecqua
919 3267 997 3342 pare
1018 3244 1054 3316 in
1075 3243 1334 3342 gymnasiorum
1358 3241 1575 3316 institutione
1595 3239 1783 3316 tribuendo

261 3359 307 3432 sit
325 3360 489 3435 docendis
510 3361 768 3460 disciplinarum
795 3363 1006 3437 naturalium
1033 3363 1233 3464 elementis,
1258 3362 1410 3462 primum
1431 3383 1550 3436 οοιιιιιι
1575 3383 1697 3445 conse,
1719 3359 1780 3456 qui

260 3475 370 3552 lutnri
401 3489 483 3555 suut
518 3481 707 3557 medicinae
744 3489 806 3557 aul
844 3482 971 3556 ortium
1008 3481 1219 3560 naturalium
1257 3482 1415 3558 cultores.
1466 3479 1545 3554 Una
1579 3478 1665 3554 ratio
1703 3485 1777 3564 est,

260 3597 464 3687 Auditores,
489 3623 595 3698 quere
619 3600 657 3674 id
679 3600 873 3699 optandum
894 3625 969 3674 mse
990 3609 1122 3699 putem.
1175 3599 1293 3675 Habet
1316 3599 1460 3675 homos
1486 3608 1609 3674 uetere
1636 3596 1778 3672 faculta-

259 3725 330 3790 tem
359 3717 565 3794 observandi
598 3729 633 3794 et
665 3721 820 3795 alliciunt
853 3743 934 3793 eum
971 3729 1115 3796 naturae
1155 3721 1401 3819 phaenomene
1464 3717 1683 3794 Obtunditur
1718 3716 1779 3794 illa

259 3835 402 3911 facultas
426 3838 538 3938 siper
568 3837 692 3914 bouem
716 3841 867 3915 ineuntis
889 3842 1013 3916 aetatis
1033 3849 1163 3940 perlem
1189 3865 1286 3914 mens
1312 3847 1365 3914 est
1390 3839 1424 3914 in
1449 3838 1530 3914 solia
1556 3837 1652 3914 libris
1674 3859 1774 3914 oocu-

258 3963 347 4054 peta
401 3956 471 4031 Ubi
500 3967 638 4033 ventum
667 3966 720 4033 est
743 3960 790 4034 ad
813 3961 1025 4036 academicae
1051 3957 1231 4045 lectiones,
1256 3960 1382 4034 obtusa
1404 3969 1457 4034 est
1484 3945 1659 4032 oculorum
1684 3955 1774 4030 acies

258 4085 293 4148 et
316 4084 457 4152 nsturae
489 4078 689 4153 dissuel‘acti
726 4087 808 4153 sunt
839 4087 875 4152 et
908 4079 997 4178 perit
1028 4101 1107 4176 pers
1140 4077 1305 4175 temporis
1334 4077 1369 4152 in
1396 4074 1585 4150 revocando
1610 4071 1774 4148 neutum

257 4195 357 4268 ouius
378 4195 413 4270 in
439 4198 654 4274 naturalitus
676 4199 814 4276 ortibus
833 4199 1017 4298 primarius
1043 4221 1126 4272 usus
1151 4207 1215 4272 est.

303 4315 435 4391 Periret
465 4319 581 4394 omnis
600 4320 860 4419 gymnasiorum
883 4319 1040 4407 fructus,
1073 4319 1103 4393 si
1128 4342 1209 4393 eum
1237 4301 1450 4415 reliquorum
1477 4315 1670 4393 studiorum
1700 4341 1773 4392 em·

254 4433 350 4521 bitu,
374 4437 501 4514 ortium
532 4440 742 4516 naturalium
769 4439 884 4537 ample
908 4439 1102 4537 etcopiose
1127 4437 1296 4536 expositio
1319 4437 1532 4536 iungeretur.
1586 4437 1711 4531 Neque
1735 4435 1774 4512 id

254 4575 311 4627 me
339 4554 454 4630 iudice
483 4558 675 4656 optandum
704 4569 766 4633 est.
821 4563 897 4633 lmo
916 4583 996 4634 vero
1016 4557 1242 4633 resecandum
1265 4555 1437 4654 quidquid
1463 4555 1574 4632 simile
1597 4563 1651 4628 est
1674 4577 1770 4650 pree·

253 4681 407 4750 maturae
429 4675 590 4751 seientiee
619 4678 735 4752 omnia
766 4678 885 4754 leviter
912 4678 1061 4752 semotis.
1113 4677 1294 4776 Optimum
1321 4675 1417 4750 fectu
1439 4683 1548 4759 esset,
1580 4673 1609 4746 si
1639 4673 1769 4770 peritus

252 4801 287 4864 et
317 4793 470 4890 prodens
505 4793 623 4872 doctor
658 4821 762 4872 onem
800 4807 862 4874 eut
895 4798 1037 4873 alteram
1075 4797 1194 4871 horem
1228 4795 1308 4870 dere
1344 4799 1460 4894 posset
1496 4792 1770 4891 contemplandis
