<?xml version="1.0" encoding="UTF-8"?>
<!DOCTYPE html PUBLIC "-//W3C//DTD XHTML 1.0 Transitional//EN"
    "http://www.w3.org/TR/xhtml1/DTD/xhtml1-transitional.dtd">
<html xmlns="http://www.w3.org/1999/xhtml" xml:lang="en" lang="en">
 <head>
  <title>
</title>
<meta http-equiv="Content-Type" content="text/html;charset=utf-8" />
  <meta name='ocr-system' content='tesseract 3.04.00' />
  <meta name='ocr-capabilities' content='ocr_page ocr_carea ocr_par ocr_line ocrx_word'/>
</head>
<body>
  <div class='ocr_page' id='page_1' title='image "annalesacademic11unkngoog_0119.png"; bbox 0 0 4864 6180; ppageno 0'>
   <div class='ocr_carea' id='block_1_1' title="bbox 691 610 1619 682">
    <p class='ocr_par' dir='ltr' id='par_1_1' title="bbox 691 610 1619 682">
     <span class='ocr_line' id='line_1_1' title="bbox 691 610 1619 682; baseline -0.002 -2"><span class='ocrx_word' id='word_1_1' title='bbox 691 613 755 682; x_wconf 84' lang='lat'><strong>108</strong></span> <span class='ocrx_word' id='word_1_2' title='bbox 1283 610 1619 679; x_wconf 76' lang='lat' dir='ltr'><strong>G.xosrult</strong></span> 
     </span>
    </p>
   </div>
   <div class='ocr_carea' id='block_1_2' title="bbox 695 815 2218 1042">
    <p class='ocr_par' dir='ltr' id='par_1_2' title="bbox 695 815 2218 1042">
     <span class='ocr_line' id='line_1_2' title="bbox 742 815 2218 920; baseline -0.006 -24"><span class='ocrx_word' id='word_1_3' title='bbox 742 821 791 898; x_wconf 81' lang='lat' dir='ltr'><strong>Te</strong></span> <span class='ocrx_word' id='word_1_4' title='bbox 825 843 964 920; x_wconf 90' lang='lat' dir='ltr'><strong>quoque</strong></span> <span class='ocrx_word' id='word_1_5' title='bbox 993 820 1123 908; x_wconf 89' lang='lat' dir='ltr'><strong>saluto,</strong></span> <span class='ocrx_word' id='word_1_6' title='bbox 1157 821 1198 896; x_wconf 93' lang='lat' dir='ltr'><strong>ol.</strong></span> <span class='ocrx_word' id='word_1_7' title='bbox 1226 844 1288 893; x_wconf 88' lang='lat' dir='ltr'><strong>van</strong></span> <span class='ocrx_word' id='word_1_8' title='bbox 1313 820 1375 894; x_wconf 93' lang='lat' dir='ltr'><strong>der</strong></span> <span class='ocrx_word' id='word_1_9' title='bbox 1397 821 1491 897; x_wconf 90' lang='lat' dir='ltr'><strong>Lith.</strong></span> <span class='ocrx_word' id='word_1_10' title='bbox 1534 821 1758 917; x_wconf 79' lang='lat' dir='ltr'><strong>Quamquam</strong></span> <span class='ocrx_word' id='word_1_11' title='bbox 1793 817 1865 891; x_wconf 87' lang='lat' dir='ltr'><strong>solo</strong></span> <span class='ocrx_word' id='word_1_12' title='bbox 1896 815 1998 889; x_wconf 90' lang='lat' dir='ltr'><strong>titulo</strong></span> <span class='ocrx_word' id='word_1_13' title='bbox 2035 839 2105 889; x_wconf 89' lang='lat' dir='ltr'><strong>uon</strong></span> <span class='ocrx_word' id='word_1_14' title='bbox 2133 823 2218 912; x_wconf 88' lang='lat' dir='ltr'><strong>toga</strong></span> 
     </span>
     <span class='ocr_line' id='line_1_3' title="bbox 695 934 2217 1042; baseline -0.006 -26"><span class='ocrx_word' id='word_1_15' title='bbox 695 940 898 1042; x_wconf 82' lang='lat' dir='ltr'><strong>professoris</strong></span> <span class='ocrx_word' id='word_1_16' title='bbox 930 949 1071 1014; x_wconf 87' lang='lat' dir='ltr'><strong>ornatus</strong></span> <span class='ocrx_word' id='word_1_17' title='bbox 1097 965 1154 1029; x_wconf 89' lang='lat' dir='ltr'><strong>es,</strong></span> <span class='ocrx_word' id='word_1_18' title='bbox 1187 947 1428 1016; x_wconf 81' lang='lat' dir='ltr'><strong>ornamentum</strong></span> <span class='ocrx_word' id='word_1_19' title='bbox 1454 941 1520 1014; x_wconf 91' lang='lat' dir='ltr'><strong>tibi</strong></span> <span class='ocrx_word' id='word_1_20' title='bbox 1543 939 1680 1038; x_wconf 89' lang='lat' dir='ltr'><strong>parabis</strong></span> <span class='ocrx_word' id='word_1_21' title='bbox 1703 947 1850 1034; x_wconf 89' lang='lat' dir='ltr'><strong>utroque</strong></span> <span class='ocrx_word' id='word_1_22' title='bbox 1874 934 2119 1034; x_wconf 79' lang='lat' dir='ltr'><strong>praestantius.</strong></span> <span class='ocrx_word' id='word_1_23' title='bbox 2157 936 2217 1008; x_wconf 92' lang='lat' dir='ltr'><strong>In·</strong></span> 
     </span>
    </p>
   </div>
   <div class='ocr_carea' id='block_1_3' title="bbox 546 1055 2218 1158">
    <p class='ocr_par' dir='ltr' id='par_1_3' title="bbox 546 1055 2218 1158">
     <span class='ocr_line' id='line_1_4' title="bbox 546 1055 2218 1158; baseline -0.005 -23"><span class='ocrx_word' id='word_1_24' title='bbox 546 1085 553 1096; x_wconf 91' lang='lat'><strong>·</strong></span> <span class='ocrx_word' id='word_1_25' title='bbox 696 1059 868 1136; x_wconf 90' lang='lat' dir='ltr'><strong>stitutioni</strong></span> <span class='ocrx_word' id='word_1_26' title='bbox 903 1059 1167 1157; x_wconf 84' lang='lat' dir='ltr'><strong>psychiatricae,</strong></span> <span class='ocrx_word' id='word_1_27' title='bbox 1204 1082 1272 1133; x_wconf 92' lang='lat' dir='ltr'><strong>non</strong></span> <span class='ocrx_word' id='word_1_28' title='bbox 1307 1069 1359 1132; x_wconf 86' lang='lat' dir='ltr'><strong>est</strong></span> <span class='ocrx_word' id='word_1_29' title='bbox 1390 1061 1484 1158; x_wconf 94' lang='lat' dir='ltr'><strong>quod</strong></span> <span class='ocrx_word' id='word_1_30' title='bbox 1514 1059 1736 1145; x_wconf 89' lang='lat' dir='ltr'><strong>dubitemus,</strong></span> <span class='ocrx_word' id='word_1_31' title='bbox 1771 1057 1875 1130; x_wconf 89' lang='lat' dir='ltr'><strong>talem</strong></span> <span class='ocrx_word' id='word_1_32' title='bbox 1903 1055 2035 1129; x_wconf 90' lang='lat' dir='ltr'><strong>tribues</strong></span> <span class='ocrx_word' id='word_1_33' title='bbox 2057 1079 2218 1153; x_wconf 88' lang='lat' dir='ltr'><strong>operam,</strong></span> 
     </span>
    </p>
   </div>
   <div class='ocr_carea' id='block_1_4' title="bbox 694 1175 2220 1876">
    <p class='ocr_par' dir='ltr' id='par_1_4' title="bbox 694 1175 2218 1399">
     <span class='ocr_line' id='line_1_5' title="bbox 696 1175 2218 1278; baseline -0.004 -24"><span class='ocrx_word' id='word_1_34' title='bbox 696 1187 737 1255; x_wconf 90' lang='lat' dir='ltr'><strong>ut</strong></span> <span class='ocrx_word' id='word_1_35' title='bbox 768 1189 803 1252; x_wconf 92' lang='lat' dir='ltr'><strong>et</strong></span> <span class='ocrx_word' id='word_1_36' title='bbox 833 1179 966 1278; x_wconf 88' lang='lat' dir='ltr'><strong>placeat</strong></span> <span class='ocrx_word' id='word_1_37' title='bbox 991 1179 1175 1266; x_wconf 79' lang='lat' dir='ltr'><strong>studiosis,</strong></span> <span class='ocrx_word' id='word_1_38' title='bbox 1209 1187 1244 1252; x_wconf 89' lang='lat' dir='ltr'><strong>et</strong></span> <span class='ocrx_word' id='word_1_39' title='bbox 1268 1179 1439 1278; x_wconf 82' lang='lat' dir='ltr'><strong>insignem</strong></span> <span class='ocrx_word' id='word_1_40' title='bbox 1466 1179 1598 1255; x_wconf 84' lang='lat' dir='ltr'><strong>adferat</strong></span> <span class='ocrx_word' id='word_1_41' title='bbox 1624 1177 1828 1264; x_wconf 86' lang='lat' dir='ltr'><strong>utilitatem,</strong></span> <span class='ocrx_word' id='word_1_42' title='bbox 1853 1187 1888 1249; x_wconf 88' lang='lat' dir='ltr'><strong>et</strong></span> <span class='ocrx_word' id='word_1_43' title='bbox 1912 1199 1991 1250; x_wconf 92' lang='lat' dir='ltr'><strong>vero</strong></span> <span class='ocrx_word' id='word_1_44' title='bbox 2015 1175 2218 1248; x_wconf 87' lang='lat' dir='ltr'><strong>memoriam</strong></span> 
     </span>
     <span class='ocr_line' id='line_1_6' title="bbox 694 1295 1988 1399; baseline -0.003 -25"><span class='ocrx_word' id='word_1_45' title='bbox 694 1306 826 1399; x_wconf 87' lang='lat' dir='ltr'><strong>repetat</strong></span> <span class='ocrx_word' id='word_1_46' title='bbox 848 1298 969 1372; x_wconf 88' lang='lat' dir='ltr'><strong>Kolkii</strong></span> <span class='ocrx_word' id='word_1_47' title='bbox 995 1299 1219 1387; x_wconf 89' lang='lat' dir='ltr'><strong>immortalis,</strong></span> <span class='ocrx_word' id='word_1_48' title='bbox 1245 1299 1307 1398; x_wconf 92' lang='lat' dir='ltr'><strong>qui</strong></span> <span class='ocrx_word' id='word_1_49' title='bbox 1329 1309 1400 1374; x_wconf 88' lang='lat' dir='ltr'><strong>tam</strong></span> <span class='ocrx_word' id='word_1_50' title='bbox 1425 1300 1571 1399; x_wconf 83' lang='lat' dir='ltr'><strong>gloriose</strong></span> <span class='ocrx_word' id='word_1_51' title='bbox 1596 1299 1703 1374; x_wconf 85' lang='lat' dir='ltr'><strong>facem</strong></span> <span class='ocrx_word' id='word_1_52' title='bbox 1727 1297 1791 1371; x_wconf 92' lang='lat' dir='ltr'><strong>tibi</strong></span> <span class='ocrx_word' id='word_1_53' title='bbox 1816 1295 1988 1394; x_wconf 89' lang='lat' dir='ltr'><strong>praetulit.</strong></span> 
     </span>
    </p>

    <p class='ocr_par' dir='ltr' id='par_1_5' title="bbox 696 1413 2220 1876">
     <span class='ocr_line' id='line_1_7' title="bbox 746 1413 2218 1516; baseline -0.006 -21"><span class='ocrx_word' id='word_1_54' title='bbox 746 1421 1066 1516; x_wconf 84' lang='lat' dir='ltr'><strong>Quantumcunque</strong></span> <span class='ocrx_word' id='word_1_55' title='bbox 1098 1419 1166 1493; x_wconf 90' lang='lat' dir='ltr'><strong>iam</strong></span> <span class='ocrx_word' id='word_1_56' title='bbox 1198 1419 1242 1492; x_wconf 93' lang='lat' dir='ltr'><strong>de</strong></span> <span class='ocrx_word' id='word_1_57' title='bbox 1274 1419 1484 1494; x_wconf 88' lang='lat' dir='ltr'><strong>medicorum</strong></span> <span class='ocrx_word' id='word_1_58' title='bbox 1507 1419 1626 1494; x_wconf 90' lang='lat' dir='ltr'><strong>ordine</strong></span> <span class='ocrx_word' id='word_1_59' title='bbox 1651 1417 1845 1504; x_wconf 85' lang='lat' dir='ltr'><strong>retulerim,</strong></span> <span class='ocrx_word' id='word_1_60' title='bbox 1870 1440 1937 1490; x_wconf 91' lang='lat' dir='ltr'><strong>uon</strong></span> <span class='ocrx_word' id='word_1_61' title='bbox 1966 1438 2109 1513; x_wconf 84' lang='lat' dir='ltr'><strong>possrun</strong></span> <span class='ocrx_word' id='word_1_62' title='bbox 2135 1413 2218 1510; x_wconf 92' lang='lat' dir='ltr'><strong>quin</strong></span> 
     </span>
     <span class='ocr_line' id='line_1_8' title="bbox 697 1534 2220 1640; baseline -0.002 -29"><span class='ocrx_word' id='word_1_63' title='bbox 697 1539 849 1638; x_wconf 85' lang='lat' dir='ltr'><strong>gratuler</strong></span> <span class='ocrx_word' id='word_1_64' title='bbox 887 1538 992 1612; x_wconf 88' lang='lat' dir='ltr'><strong>etiam</strong></span> <span class='ocrx_word' id='word_1_65' title='bbox 1033 1538 1232 1612; x_wconf 89' lang='lat' dir='ltr'><strong>doctissimo</strong></span> <span class='ocrx_word' id='word_1_66' title='bbox 1267 1539 1504 1640; x_wconf 87' lang='lat' dir='ltr'><strong>Brondgeest,</strong></span> <span class='ocrx_word' id='word_1_67' title='bbox 1548 1539 1629 1613; x_wconf 92' lang='lat' dir='ltr'><strong>olim</strong></span> <span class='ocrx_word' id='word_1_68' title='bbox 1668 1537 1704 1610; x_wconf 90' lang='lat' dir='ltr'><strong>iu</strong></span> <span class='ocrx_word' id='word_1_69' title='bbox 1745 1535 1977 1635; x_wconf 84' lang='lat' dir='ltr'><strong>physiologioo</strong></span> <span class='ocrx_word' id='word_1_70' title='bbox 2016 1534 2220 1609; x_wconf 85' lang='lat' dir='ltr'><strong>laboratorio</strong></span> 
     </span>
     <span class='ocr_line' id='line_1_9' title="bbox 696 1655 2220 1754; baseline -0.005 -20"><span class='ocrx_word' id='word_1_71' title='bbox 696 1657 883 1734; x_wconf 88' lang='lat' dir='ltr'><strong>Dondersii</strong></span> <span class='ocrx_word' id='word_1_72' title='bbox 909 1657 1079 1746; x_wconf 88' lang='lat' dir='ltr'><strong>adiutori,</strong></span> <span class='ocrx_word' id='word_1_73' title='bbox 1113 1681 1206 1742; x_wconf 90' lang='lat' dir='ltr'><strong>nuno</strong></span> <span class='ocrx_word' id='word_1_74' title='bbox 1232 1684 1311 1732; x_wconf 91' lang='lat' dir='ltr'><strong>vero</strong></span> <span class='ocrx_word' id='word_1_75' title='bbox 1335 1660 1488 1734; x_wconf 82' lang='lat' dir='ltr'><strong>lectoris</strong></span> <span class='ocrx_word' id='word_1_76' title='bbox 1512 1658 1703 1733; x_wconf 91' lang='lat' dir='ltr'><strong>medicinae</strong></span> <span class='ocrx_word' id='word_1_77' title='bbox 1728 1657 1830 1730; x_wconf 93' lang='lat' dir='ltr'><strong>titulo</strong></span> <span class='ocrx_word' id='word_1_78' title='bbox 1853 1663 1994 1743; x_wconf 89' lang='lat' dir='ltr'><strong>ornato,</strong></span> <span class='ocrx_word' id='word_1_79' title='bbox 2018 1655 2220 1754; x_wconf 87' lang='lat' dir='ltr'><strong>optimoque</strong></span> 
     </span>
     <span class='ocr_line' id='line_1_10' title="bbox 699 1774 1942 1876; baseline -0.002 -24"><span class='ocrx_word' id='word_1_80' title='bbox 699 1801 779 1852; x_wconf 93' lang='lat' dir='ltr'><strong>cum</strong></span> <span class='ocrx_word' id='word_1_81' title='bbox 800 1783 927 1850; x_wconf 86' lang='lat' dir='ltr'><strong>eventu</strong></span> <span class='ocrx_word' id='word_1_82' title='bbox 954 1774 1023 1848; x_wconf 88' lang='lat' dir='ltr'><strong>iam</strong></span> <span class='ocrx_word' id='word_1_83' title='bbox 1053 1776 1219 1868; x_wconf 82' lang='lat' dir='ltr'><strong>nonnulla</strong></span> <span class='ocrx_word' id='word_1_84' title='bbox 1242 1777 1395 1851; x_wconf 90' lang='lat' dir='ltr'><strong>medicae</strong></span> <span class='ocrx_word' id='word_1_85' title='bbox 1417 1777 1617 1876; x_wconf 88' lang='lat' dir='ltr'><strong>disciplinae</strong></span> <span class='ocrx_word' id='word_1_86' title='bbox 1640 1777 1753 1875; x_wconf 91' lang='lat' dir='ltr'><strong>capita</strong></span> <span class='ocrx_word' id='word_1_87' title='bbox 1775 1775 1942 1850; x_wconf 83' lang='lat' dir='ltr'><strong>tradente.</strong></span> 
     </span>
    </p>
   </div>
   <div class='ocr_carea' id='block_1_5' title="bbox 694 2011 2220 3070">
    <p class='ocr_par' dir='ltr' id='par_1_6' title="bbox 694 2011 2220 2942">
     <span class='ocr_line' id='line_1_11' title="bbox 774 2011 2218 2113; baseline -0.003 -24"><span class='ocrx_word' id='word_1_88' title='bbox 774 2015 864 2090; x_wconf 86' lang='lat' dir='ltr'><strong>Clar.</strong></span> <span class='ocrx_word' id='word_1_89' title='bbox 902 2013 1006 2088; x_wconf 88' lang='lat' dir='ltr'><strong>Hoek</strong></span> <span class='ocrx_word' id='word_1_90' title='bbox 1041 2013 1181 2086; x_wconf 64' lang='lat' dir='ltr'><strong>undem</strong></span> <span class='ocrx_word' id='word_1_91' title='bbox 1217 2014 1403 2113; x_wconf 90' lang='lat' dir='ltr'><strong>aliquando</strong></span> <span class='ocrx_word' id='word_1_92' title='bbox 1436 2017 1611 2090; x_wconf 81' lang='lat' dir='ltr'><strong>Professor</strong></span> <span class='ocrx_word' id='word_1_93' title='bbox 1643 2015 1835 2089; x_wconf 88' lang='lat' dir='ltr'><strong>ordinarius</strong></span> <span class='ocrx_word' id='word_1_94' title='bbox 1869 2023 1922 2088; x_wconf 90' lang='lat' dir='ltr'><strong>est</strong></span> <span class='ocrx_word' id='word_1_95' title='bbox 1953 2020 2107 2099; x_wconf 91' lang='lat' dir='ltr'><strong>creatus;</strong></span> <span class='ocrx_word' id='word_1_96' title='bbox 2140 2011 2218 2085; x_wconf 90' lang='lat' dir='ltr'><strong>clar.</strong></span> 
     </span>
     <span class='ocr_line' id='line_1_12' title="bbox 700 2129 2217 2234; baseline -0.005 -25"><span class='ocrx_word' id='word_1_97' title='bbox 700 2135 837 2234; x_wconf 90' lang='lat' dir='ltr'><strong>Miquel</strong></span> <span class='ocrx_word' id='word_1_98' title='bbox 873 2134 908 2207; x_wconf 91' lang='lat' dir='ltr'><strong>in</strong></span> <span class='ocrx_word' id='word_1_99' title='bbox 947 2132 1059 2230; x_wconf 88' lang='lat' dir='ltr'><strong>Regia</strong></span> <span class='ocrx_word' id='word_1_100' title='bbox 1091 2132 1319 2206; x_wconf 89' lang='lat' dir='ltr'><strong>Scieutiarum</strong></span> <span class='ocrx_word' id='word_1_101' title='bbox 1348 2135 1528 2208; x_wconf 68' lang='lat' dir='ltr'><strong>academia</strong></span> <span class='ocrx_word' id='word_1_102' title='bbox 1556 2159 1644 2232; x_wconf 90' lang='lat' dir='ltr'><strong>quae</strong></span> <span class='ocrx_word' id='word_1_103' title='bbox 1666 2132 1843 2206; x_wconf 88' lang='lat' dir='ltr'><strong>Monachii</strong></span> <span class='ocrx_word' id='word_1_104' title='bbox 1870 2132 1987 2218; x_wconf 90' lang='lat' dir='ltr'><strong>floret,</strong></span> <span class='ocrx_word' id='word_1_105' title='bbox 2021 2129 2123 2203; x_wconf 88' lang='lat' dir='ltr'><strong>sociis</strong></span> <span class='ocrx_word' id='word_1_106' title='bbox 2160 2129 2217 2202; x_wconf 91' lang='lat' dir='ltr'><strong>ad·</strong></span> 
     </span>
     <span class='ocr_line' id='line_1_13' title="bbox 700 2249 2219 2352; baseline -0.005 -22"><span class='ocrx_word' id='word_1_107' title='bbox 700 2256 848 2352; x_wconf 88' lang='lat' dir='ltr'><strong>scriptus</strong></span> <span class='ocrx_word' id='word_1_108' title='bbox 887 2252 948 2351; x_wconf 90' lang='lat' dir='ltr'><strong>qui</strong></span> <span class='ocrx_word' id='word_1_109' title='bbox 986 2252 1160 2327; x_wconf 88' lang='lat' dir='ltr'><strong>literarum</strong></span> <span class='ocrx_word' id='word_1_110' title='bbox 1200 2255 1404 2328; x_wconf 89' lang='lat' dir='ltr'><strong>commercio</strong></span> <span class='ocrx_word' id='word_1_111' title='bbox 1434 2253 1568 2328; x_wconf 90' lang='lat' dir='ltr'><strong>labores</strong></span> <span class='ocrx_word' id='word_1_112' title='bbox 1605 2252 1756 2326; x_wconf 92' lang='lat' dir='ltr'><strong>instituti</strong></span> <span class='ocrx_word' id='word_1_113' title='bbox 1796 2251 2011 2351; x_wconf 90' lang='lat' dir='ltr'><strong>participant.</strong></span> <span class='ocrx_word' id='word_1_114' title='bbox 2074 2249 2219 2347; x_wconf 86' lang='lat' dir='ltr'><strong>Utrique</strong></span> 
     </span>
     <span class='ocr_line' id='line_1_14' title="bbox 698 2371 1617 2474; baseline 0 -26"><span class='ocrx_word' id='word_1_115' title='bbox 698 2379 805 2448; x_wconf 84' lang='lat' dir='ltr'><strong>novos</strong></span> <span class='ocrx_word' id='word_1_116' title='bbox 829 2372 974 2446; x_wconf 89' lang='lat' dir='ltr'><strong>honores</strong></span> <span class='ocrx_word' id='word_1_117' title='bbox 998 2397 1041 2445; x_wconf 82' lang='lat' dir='ltr'><strong>er</strong></span> <span class='ocrx_word' id='word_1_118' title='bbox 1065 2371 1172 2445; x_wconf 90' lang='lat' dir='ltr'><strong>animi</strong></span> <span class='ocrx_word' id='word_1_119' title='bbox 1197 2373 1368 2447; x_wconf 85' lang='lat' dir='ltr'><strong>sententia</strong></span> <span class='ocrx_word' id='word_1_120' title='bbox 1391 2373 1617 2474; x_wconf 84' lang='lat' dir='ltr'><strong>gratulamur.</strong></span> 
     </span>
     <span class='ocr_line' id='line_1_15' title="bbox 712 2490 2218 2592; baseline -0.001 -26"><span class='ocrx_word' id='word_1_121' title='bbox 712 2521 713 2529; x_wconf 49' lang='lat'>¹</span> <span class='ocrx_word' id='word_1_122' title='bbox 751 2494 841 2566; x_wconf 87' lang='lat' dir='ltr'><strong>Sunt</strong></span> <span class='ocrx_word' id='word_1_123' title='bbox 878 2493 968 2566; x_wconf 89' lang='lat' dir='ltr'><strong>inter</strong></span> <span class='ocrx_word' id='word_1_124' title='bbox 1005 2491 1208 2580; x_wconf 87' lang='lat' dir='ltr'><strong>Senatores,</strong></span> <span class='ocrx_word' id='word_1_125' title='bbox 1247 2491 1377 2590; x_wconf 88' lang='lat' dir='ltr'><strong>quibua</strong></span> <span class='ocrx_word' id='word_1_126' title='bbox 1411 2494 1539 2592; x_wconf 89' lang='lat' dir='ltr'><strong>gaudia</strong></span> <span class='ocrx_word' id='word_1_127' title='bbox 1574 2492 1814 2590; x_wconf 86' lang='lat' dir='ltr'><strong>contigerunt,</strong></span> <span class='ocrx_word' id='word_1_128' title='bbox 1856 2490 1972 2564; x_wconf 90' lang='lat' dir='ltr'><strong>liberis</strong></span> <span class='ocrx_word' id='word_1_129' title='bbox 2004 2491 2076 2564; x_wconf 86' lang='lat' dir='ltr'><strong>sive</strong></span> <span class='ocrx_word' id='word_1_130' title='bbox 2112 2490 2218 2577; x_wconf 90' lang='lat' dir='ltr'><strong>uatis,</strong></span> 
     </span>
     <span class='ocr_line' id='line_1_16' title="bbox 698 2610 2220 2711; baseline -0.003 -23"><span class='ocrx_word' id='word_1_131' title='bbox 698 2613 769 2688; x_wconf 87' lang='lat' dir='ltr'><strong>sive</strong></span> <span class='ocrx_word' id='word_1_132' title='bbox 803 2610 944 2711; x_wconf 87' lang='lat' dir='ltr'><strong>nuptia,</strong></span> <span class='ocrx_word' id='word_1_133' title='bbox 978 2619 1038 2686; x_wconf 90' lang='lat' dir='ltr'><strong>aut</strong></span> <span class='ocrx_word' id='word_1_134' title='bbox 1069 2612 1224 2711; x_wconf 86' lang='lat' dir='ltr'><strong>sponsis,</strong></span> <span class='ocrx_word' id='word_1_135' title='bbox 1257 2613 1338 2686; x_wconf 88' lang='lat' dir='ltr'><strong>filiis</strong></span> <span class='ocrx_word' id='word_1_136' title='bbox 1373 2615 1577 2688; x_wconf 88' lang='lat' dir='ltr'><strong>academicis</strong></span> <span class='ocrx_word' id='word_1_137' title='bbox 1603 2613 1736 2687; x_wconf 88' lang='lat' dir='ltr'><strong>civibus</strong></span> <span class='ocrx_word' id='word_1_138' title='bbox 1760 2610 1961 2709; x_wconf 88' lang='lat' dir='ltr'><strong>adscriptis,</strong></span> <span class='ocrx_word' id='word_1_139' title='bbox 1993 2610 2070 2684; x_wconf 82' lang='lat' dir='ltr'><strong>aliis</strong></span> <span class='ocrx_word' id='word_1_140' title='bbox 2091 2611 2220 2698; x_wconf 87' lang='lat' dir='ltr'><strong>cauais;</strong></span> 
     </span>
     <span class='ocr_line' id='line_1_17' title="bbox 696 2729 2220 2831; baseline -0.003 -23"><span class='ocrx_word' id='word_1_141' title='bbox 696 2732 774 2820; x_wconf 91' lang='lat' dir='ltr'><strong>alii,</strong></span> <span class='ocrx_word' id='word_1_142' title='bbox 810 2731 871 2829; x_wconf 90' lang='lat' dir='ltr'><strong>qui</strong></span> <span class='ocrx_word' id='word_1_143' title='bbox 892 2740 1117 2828; x_wconf 90' lang='lat' dir='ltr'><strong>cognatorum</strong></span> <span class='ocrx_word' id='word_1_144' title='bbox 1142 2733 1377 2807; x_wconf 87' lang='lat' dir='ltr'><strong>amicorumve</strong></span> <span class='ocrx_word' id='word_1_145' title='bbox 1402 2743 1547 2806; x_wconf 88' lang='lat' dir='ltr'><strong>mortem</strong></span> <span class='ocrx_word' id='word_1_146' title='bbox 1573 2734 1704 2831; x_wconf 90' lang='lat' dir='ltr'><strong>lugent.</strong></span> <span class='ocrx_word' id='word_1_147' title='bbox 1762 2730 1909 2828; x_wconf 87' lang='lat' dir='ltr'><strong>Utrique</strong></span> <span class='ocrx_word' id='word_1_148' title='bbox 1932 2729 1998 2802; x_wconf 89' lang='lat' dir='ltr'><strong>sibi</strong></span> <span class='ocrx_word' id='word_1_149' title='bbox 2020 2753 2220 2828; x_wconf 89' lang='lat' dir='ltr'><strong>persuasum</strong></span> 
     </span>
     <span class='ocr_line' id='line_1_18' title="bbox 694 2849 2019 2942; baseline 0.001 -18"><span class='ocrx_word' id='word_1_150' title='bbox 694 2851 865 2926; x_wconf 84' lang='lat' dir='ltr'><strong>habeant:</strong></span> <span class='ocrx_word' id='word_1_151' title='bbox 892 2875 972 2924; x_wconf 92' lang='lat' dir='ltr'><strong>cum</strong></span> <span class='ocrx_word' id='word_1_152' title='bbox 999 2851 1233 2926; x_wconf 88' lang='lat' dir='ltr'><strong>moerentibus</strong></span> <span class='ocrx_word' id='word_1_153' title='bbox 1256 2877 1318 2926; x_wconf 90' lang='lat' dir='ltr'><strong>nos</strong></span> <span class='ocrx_word' id='word_1_154' title='bbox 1347 2877 1519 2942; x_wconf 89' lang='lat' dir='ltr'><strong>moerere,</strong></span> <span class='ocrx_word' id='word_1_155' title='bbox 1548 2853 1665 2927; x_wconf 91' lang='lat' dir='ltr'><strong>laetari</strong></span> <span class='ocrx_word' id='word_1_156' title='bbox 1691 2874 1772 2925; x_wconf 90' lang='lat' dir='ltr'><strong>cum</strong></span> <span class='ocrx_word' id='word_1_157' title='bbox 1799 2849 2019 2925; x_wconf 88' lang='lat' dir='ltr'><strong>laetantibus.</strong></span> 
     </span>
    </p>

    <p class='ocr_par' dir='ltr' id='par_1_7' title="bbox 745 2967 2213 3070">
     <span class='ocr_line' id='line_1_19' title="bbox 745 2967 2213 3070; baseline -0.001 -27"><span class='ocrx_word' id='word_1_158' title='bbox 745 2970 890 3044; x_wconf 88' lang='lat' dir='ltr'><strong>Civibus</strong></span> <span class='ocrx_word' id='word_1_159' title='bbox 926 2969 1128 3044; x_wconf 86' lang='lat' dir='ltr'><strong>academicis</strong></span> <span class='ocrx_word' id='word_1_160' title='bbox 1161 2996 1273 3046; x_wconf 88' lang='lat' dir='ltr'><strong>annus</strong></span> <span class='ocrx_word' id='word_1_161' title='bbox 1307 2972 1417 3045; x_wconf 84' lang='lat' dir='ltr'><strong>festus</strong></span> <span class='ocrx_word' id='word_1_162' title='bbox 1444 2971 1528 3060; x_wconf 85' lang='lat' dir='ltr'><strong>luit,</strong></span> <span class='ocrx_word' id='word_1_163' title='bbox 1554 2973 1615 3070; x_wconf 92' lang='lat' dir='ltr'><strong>qui</strong></span> <span class='ocrx_word' id='word_1_164' title='bbox 1639 2995 1719 3044; x_wconf 91' lang='lat' dir='ltr'><strong>cum</strong></span> <span class='ocrx_word' id='word_1_165' title='bbox 1743 2969 1846 3043; x_wconf 91' lang='lat' dir='ltr'><strong>bonis</strong></span> <span class='ocrx_word' id='word_1_166' title='bbox 1874 2968 2053 3042; x_wconf 88' lang='lat' dir='ltr'><strong>ominibus</strong></span> <span class='ocrx_word' id='word_1_167' title='bbox 2080 2967 2213 3066; x_wconf 88' lang='lat' dir='ltr'><strong>incepit.</strong></span> 
     </span>
    </p>
   </div>
   <div class='ocr_carea' id='block_1_6' title="bbox 694 3087 2246 3310">
    <p class='ocr_par' dir='ltr' id='par_1_8' title="bbox 694 3087 2246 3310">
     <span class='ocr_line' id='line_1_20' title="bbox 694 3087 2246 3191; baseline -0.003 -28"><span class='ocrx_word' id='word_1_168' title='bbox 694 3092 778 3190; x_wconf 89' lang='lat' dir='ltr'><strong>Ipso</strong></span> <span class='ocrx_word' id='word_1_169' title='bbox 809 3088 975 3164; x_wconf 90' lang='lat' dir='ltr'><strong>nimirum</strong></span> <span class='ocrx_word' id='word_1_170' title='bbox 1007 3090 1084 3179; x_wconf 88' lang='lat' dir='ltr'><strong>die,</strong></span> <span class='ocrx_word' id='word_1_171' title='bbox 1120 3114 1190 3189; x_wconf 90' lang='lat' dir='ltr'><strong>quo</strong></span> <span class='ocrx_word' id='word_1_172' title='bbox 1224 3093 1464 3191; x_wconf 87' lang='lat' dir='ltr'><strong>magistratum</strong></span> <span class='ocrx_word' id='word_1_173' title='bbox 1500 3091 1734 3168; x_wconf 90' lang='lat' dir='ltr'><strong>academicum</strong></span> <span class='ocrx_word' id='word_1_174' title='bbox 1760 3089 1936 3188; x_wconf 85' lang='lat' dir='ltr'><strong>ingressus</strong></span> <span class='ocrx_word' id='word_1_175' title='bbox 1961 3113 2076 3176; x_wconf 87' lang='lat' dir='ltr'><strong>eram,</strong></span> <span class='ocrx_word' id='word_1_176' title='bbox 2110 3087 2246 3161; x_wconf 87' lang='lat' dir='ltr'><strong>solen--</strong></span> 
     </span>
     <span class='ocr_line' id='line_1_21' title="bbox 696 3208 2213 3310; baseline -0.003 -26"><span class='ocrx_word' id='word_1_177' title='bbox 696 3208 800 3284; x_wconf 90' lang='lat' dir='ltr'><strong>nibus</strong></span> <span class='ocrx_word' id='word_1_178' title='bbox 837 3208 1002 3283; x_wconf 90' lang='lat' dir='ltr'><strong>interesse</strong></span> <span class='ocrx_word' id='word_1_179' title='bbox 1039 3209 1142 3283; x_wconf 89' lang='lat' dir='ltr'><strong>nobis</strong></span> <span class='ocrx_word' id='word_1_180' title='bbox 1165 3213 1345 3310; x_wconf 82' lang='lat' dir='ltr'><strong>contigit,</strong></span> <span class='ocrx_word' id='word_1_181' title='bbox 1384 3238 1531 3310; x_wconf 91' lang='lat' dir='ltr'><strong>quornm</strong></span> <span class='ocrx_word' id='word_1_182' title='bbox 1565 3211 1691 3286; x_wconf 84' lang='lat' dir='ltr'><strong>oblivio</strong></span> <span class='ocrx_word' id='word_1_183' title='bbox 1729 3209 1903 3282; x_wconf 88' lang='lat' dir='ltr'><strong>nemiuem</strong></span> <span class='ocrx_word' id='word_1_184' title='bbox 1939 3232 2060 3306; x_wconf 80' lang='lat' dir='ltr'><strong>mpero</strong></span> <span class='ocrx_word' id='word_1_185' title='bbox 2095 3215 2213 3307; x_wconf 89' lang='lat' dir='ltr'><strong>potest.</strong></span> 
     </span>
    </p>
   </div>
   <div class='ocr_carea' id='block_1_7' title="bbox 694 3328 2214 3789">
    <p class='ocr_par' dir='ltr' id='par_1_9' title="bbox 694 3328 2214 3789">
     <span class='ocr_line' id='line_1_22' title="bbox 694 3328 2214 3431; baseline -0.003 -27"><span class='ocrx_word' id='word_1_186' title='bbox 694 3329 906 3404; x_wconf 88' lang='lat' dir='ltr'><strong>Meministis</strong></span> <span class='ocrx_word' id='word_1_187' title='bbox 939 3353 1059 3404; x_wconf 88' lang='lat' dir='ltr'><strong>omnes</strong></span> <span class='ocrx_word' id='word_1_188' title='bbox 1089 3328 1267 3405; x_wconf 91' lang='lat' dir='ltr'><strong>insolitum</strong></span> <span class='ocrx_word' id='word_1_189' title='bbox 1296 3332 1384 3406; x_wconf 91' lang='lat' dir='ltr'><strong>illud</strong></span> <span class='ocrx_word' id='word_1_190' title='bbox 1392 3366 1401 3420; x_wconf 91' lang='lat'>;</span> <span class='ocrx_word' id='word_1_191' title='bbox 1438 3334 1625 3431; x_wconf 88' lang='lat' dir='ltr'><strong>peculiare,</strong></span> <span class='ocrx_word' id='word_1_192' title='bbox 1658 3328 1815 3429; x_wconf 90' lang='lat' dir='ltr'><strong>quinimo</strong></span> <span class='ocrx_word' id='word_1_193' title='bbox 1839 3329 2062 3426; x_wconf 88' lang='lat' dir='ltr'><strong>magnificum</strong></span> <span class='ocrx_word' id='word_1_194' title='bbox 2089 3337 2214 3426; x_wconf 91' lang='lat' dir='ltr'><strong>specta·</strong></span> 
     </span>
     <span class='ocr_line' id='line_1_23' title="bbox 694 3447 2214 3550; baseline -0.001 -28"><span class='ocrx_word' id='word_1_195' title='bbox 694 3447 833 3535; x_wconf 92' lang='lat' dir='ltr'><strong>culum,</strong></span> <span class='ocrx_word' id='word_1_196' title='bbox 859 3472 967 3545; x_wconf 91' lang='lat' dir='ltr'><strong>quum</strong></span> <span class='ocrx_word' id='word_1_197' title='bbox 991 3449 1027 3522; x_wconf 92' lang='lat' dir='ltr'><strong>in</strong></span> <span class='ocrx_word' id='word_1_198' title='bbox 1051 3449 1115 3523; x_wconf 93' lang='lat' dir='ltr'><strong>hoc</strong></span> <span class='ocrx_word' id='word_1_199' title='bbox 1134 3451 1209 3548; x_wconf 90' lang='lat' dir='ltr'><strong>ipso</strong></span> <span class='ocrx_word' id='word_1_200' title='bbox 1232 3451 1403 3525; x_wconf 87' lang='lat' dir='ltr'><strong>auditorio</strong></span> <span class='ocrx_word' id='word_1_201' title='bbox 1426 3452 1535 3526; x_wconf 90' lang='lat' dir='ltr'><strong>nobili</strong></span> <span class='ocrx_word' id='word_1_202' title='bbox 1556 3450 1748 3550; x_wconf 90' lang='lat' dir='ltr'><strong>puellarum</strong></span> <span class='ocrx_word' id='word_1_203' title='bbox 1771 3457 2075 3545; x_wconf 88' lang='lat' dir='ltr'><strong>matronarumque</strong></span> <span class='ocrx_word' id='word_1_204' title='bbox 2097 3472 2214 3521; x_wconf 92' lang='lat' dir='ltr'><strong>corona</strong></span> 
     </span>
     <span class='ocr_line' id='line_1_24' title="bbox 695 3565 2213 3670; baseline -0.001 -28"><span class='ocrx_word' id='word_1_205' title='bbox 695 3575 862 3664; x_wconf 90' lang='lat' dir='ltr'><strong>occupato</strong></span> <span class='ocrx_word' id='word_1_206' title='bbox 897 3565 1119 3664; x_wconf 87' lang='lat' dir='ltr'><strong>splendidum</strong></span> <span class='ocrx_word' id='word_1_207' title='bbox 1152 3570 1314 3644; x_wconf 84' lang='lat' dir='ltr'><strong>vexillum</strong></span> <span class='ocrx_word' id='word_1_208' title='bbox 1348 3571 1537 3670; x_wconf 89' lang='lat' dir='ltr'><strong>splendidis</strong></span> <span class='ocrx_word' id='word_1_209' title='bbox 1565 3570 1676 3644; x_wconf 88' lang='lat' dir='ltr'><strong>verbis</strong></span> <span class='ocrx_word' id='word_1_210' title='bbox 1702 3569 1870 3644; x_wconf 89' lang='lat' dir='ltr'><strong>bonarum</strong></span> <span class='ocrx_word' id='word_1_211' title='bbox 1901 3567 2026 3641; x_wconf 91' lang='lat' dir='ltr'><strong>artium</strong></span> <span class='ocrx_word' id='word_1_212' title='bbox 2053 3568 2213 3641; x_wconf 89' lang='lat' dir='ltr'><strong>studiosis</strong></span> 
     </span>
     <span class='ocr_line' id='line_1_25' title="bbox 696 3685 2210 3789; baseline -0.003 -25"><span class='ocrx_word' id='word_1_213' title='bbox 696 3685 903 3764; x_wconf 79' lang='lat' dir='ltr'><strong>offerebatur</strong></span> <span class='ocrx_word' id='word_1_214' title='bbox 936 3685 982 3758; x_wconf 90' lang='lat' dir='ltr'><strong>ab</strong></span> <span class='ocrx_word' id='word_1_215' title='bbox 1020 3687 1181 3775; x_wconf 87' lang='lat' dir='ltr'><strong>oratrice,</strong></span> <span class='ocrx_word' id='word_1_216' title='bbox 1219 3689 1408 3789; x_wconf 79' lang='lat' dir='ltr'><strong>iuventutis</strong></span> <span class='ocrx_word' id='word_1_217' title='bbox 1443 3691 1575 3788; x_wconf 69' lang='lat' dir='ltr'><strong>gratia,</strong></span> <span class='ocrx_word' id='word_1_218' title='bbox 1616 3691 1782 3778; x_wconf 90' lang='lat' dir='ltr'><strong>candore,</strong></span> <span class='ocrx_word' id='word_1_219' title='bbox 1820 3687 2039 3786; x_wconf 88' lang='lat' dir='ltr'><strong>simplicitate</strong></span> <span class='ocrx_word' id='word_1_220' title='bbox 2075 3688 2210 3784; x_wconf 88' lang='lat' dir='ltr'><strong>insigni.</strong></span> 
     </span>
    </p>
   </div>
   <div class='ocr_carea' id='block_1_8' title="bbox 696 3804 2343 3910">
    <p class='ocr_par' dir='ltr' id='par_1_10' title="bbox 696 3804 2343 3910">
     <span class='ocr_line' id='line_1_26' title="bbox 696 3804 2343 3910; baseline 0.003 -32"><span class='ocrx_word' id='word_1_221' title='bbox 696 3807 878 3884; x_wconf 83' lang='lat' dir='ltr'><strong>Quantum</strong></span> <span class='ocrx_word' id='word_1_222' title='bbox 903 3829 966 3879; x_wconf 88' lang='lat' dir='ltr'><strong>nos</strong></span> <span class='ocrx_word' id='word_1_223' title='bbox 988 3804 1171 3880; x_wconf 88' lang='lat' dir='ltr'><strong>oblectavit</strong></span> <span class='ocrx_word' id='word_1_224' title='bbox 1196 3807 1358 3882; x_wconf 89' lang='lat' dir='ltr'><strong>Doedesii</strong></span> <span class='ocrx_word' id='word_1_225' title='bbox 1381 3810 1474 3898; x_wconf 91' lang='lat' dir='ltr'><strong>filia,</strong></span> <span class='ocrx_word' id='word_1_226' title='bbox 1506 3807 1552 3903; x_wconf 75' lang='grc' dir='ltr'><strong>ἧς</strong></span> <span class='ocrx_word' id='word_1_227' title='bbox 1575 3811 1652 3886; x_wconf 74' lang='grc' dir='ltr'><strong>ἀπὸ</strong></span> <span class='ocrx_word' id='word_1_228' title='bbox 1677 3812 1851 3910; x_wconf 77' lang='grc' dir='ltr'><strong><em>γλωσσῆς</em></strong></span> <span class='ocrx_word' id='word_1_229' title='bbox 1869 3809 2027 3905; x_wconf 62' lang='lat' dir='ltr'><strong>paterae</strong></span> <span class='ocrx_word' id='word_1_230' title='bbox 2050 3808 2210 3908; x_wconf 75' lang='lat' dir='ltr'><strong>ylorrr&#39;aw</strong></span> <span class='ocrx_word' id='word_1_231' title='bbox 2335 3843 2343 3854; x_wconf 93' lang='lat'><strong>·</strong></span> 
     </span>
    </p>
   </div>
   <div class='ocr_carea' id='block_1_9' title="bbox 694 3921 2263 4861">
    <p class='ocr_par' dir='ltr' id='par_1_11' title="bbox 694 3921 2263 4861">
     <span class='ocr_line' id='line_1_27' title="bbox 694 3921 2211 4027; baseline 0.001 -27"><span class='ocrx_word' id='word_1_232' title='bbox 694 3921 776 4024; x_wconf 75' lang='grc' dir='ltr'><strong>ῥέεν</strong></span> <span class='ocrx_word' id='word_1_233' title='bbox 807 3921 917 4016; x_wconf 74' lang='grc' dir='ltr'><em>αὐδή.</em></span> <span class='ocrx_word' id='word_1_234' title='bbox 952 3967 1003 3982; x_wconf 93' lang='lat'><strong>—-</strong></span> <span class='ocrx_word' id='word_1_235' title='bbox 1031 3925 1186 4024; x_wconf 84' lang='lat' dir='ltr'><strong>Accipite</strong></span> <span class='ocrx_word' id='word_1_236' title='bbox 1217 3928 1435 4024; x_wconf 82' lang='lat' dir='ltr'><strong>symbolum,</strong></span> <span class='ocrx_word' id='word_1_237' title='bbox 1458 3930 1558 4003; x_wconf 85' lang='lat' dir='ltr'><strong>¹cives</strong></span> <span class='ocrx_word' id='word_1_238' title='bbox 1591 3931 1795 4018; x_wconf 87' lang='lat' dir='ltr'><strong>academici,</strong></span> <span class='ocrx_word' id='word_1_239' title='bbox 1829 3928 2022 4027; x_wconf 81' lang='lat' dir='ltr'><strong>symbolum</strong></span> <span class='ocrx_word' id='word_1_240' title='bbox 2053 3927 2211 4014; x_wconf 86' lang='lat' dir='ltr'><strong>unitatis,</strong></span> 
     </span>
     <span class='ocr_line' id='line_1_28' title="bbox 695 4042 2210 4140; baseline 0.001 -23"><span class='ocrx_word' id='word_1_241' title='bbox 695 4045 740 4118; x_wconf 89' lang='lat' dir='ltr'><strong>ab</strong></span> <span class='ocrx_word' id='word_1_242' title='bbox 773 4044 857 4140; x_wconf 92' lang='lat' dir='ltr'><strong>ipsis</strong></span> <span class='ocrx_word' id='word_1_243' title='bbox 891 4042 1020 4116; x_wconf 88' lang='lat' dir='ltr'><strong>Gratiis</strong></span> <span class='ocrx_word' id='word_1_244' title='bbox 1051 4043 1148 4118; x_wconf 87' lang='lat' dir='ltr'><strong>vobis</strong></span> <span class='ocrx_word' id='word_1_245' title='bbox 1174 4044 1350 4120; x_wconf 89' lang='lat' dir='ltr'><strong>oblatuml</strong></span> <span class='ocrx_word' id='word_1_246' title='bbox 1380 4047 1532 4122; x_wconf 84' lang='lat' dir='ltr'><strong>&#39;Servate</strong></span> <span class='ocrx_word' id='word_1_247' title='bbox 1559 4048 1740 4137; x_wconf 88' lang='lat' dir='ltr'><strong>vexillum,</strong></span> <span class='ocrx_word' id='word_1_248' title='bbox 1772 4057 1901 4126; x_wconf 87' lang='lat' dir='ltr'><strong>servate</strong></span> <span class='ocrx_word' id='word_1_249' title='bbox 1927 4048 2094 4121; x_wconf 89' lang='lat' dir='ltr'><strong>unitatem</strong></span> <span class='ocrx_word' id='word_1_250' title='bbox 2120 4071 2210 4120; x_wconf 89' lang='lat' dir='ltr'><strong>com·</strong></span> 
     </span>
     <span class='ocr_line' id='line_1_29' title="bbox 697 4163 2263 4268; baseline 0.001 -29"><span class='ocrx_word' id='word_1_251' title='bbox 697 4163 797 4239; x_wconf 88' lang='lat' dir='ltr'><strong>muni</strong></span> <span class='ocrx_word' id='word_1_252' title='bbox 818 4163 1075 4262; x_wconf 88' lang='lat' dir='ltr'><strong>disciplinarum</strong></span> <span class='ocrx_word' id='word_1_253' title='bbox 1095 4164 1391 4264; x_wconf 86' lang='lat' dir='ltr'><strong>humanitatisque</strong></span> <span class='ocrx_word' id='word_1_254' title='bbox 1410 4169 1545 4255; x_wconf 90' lang='lat' dir='ltr'><strong>studi0,</strong></span> <span class='ocrx_word' id='word_1_255' title='bbox 1571 4193 1760 4257; x_wconf 88' lang='lat' dir='ltr'><strong>consensu,</strong></span> <span class='ocrx_word' id='word_1_256' title='bbox 1785 4167 1955 4254; x_wconf 87' lang='lat' dir='ltr'><strong>amicitia,</strong></span> <span class='ocrx_word' id='word_1_257' title='bbox 1980 4167 2209 4253; x_wconf 83' lang='lat' dir='ltr'><strong>fraternitate,</strong></span> <span class='ocrx_word' id='word_1_258' title='bbox 2258 4261 2263 4268; x_wconf 27' lang='grc' dir='ltr'>ι</span> 
     </span>
     <span class='ocr_line' id='line_1_30' title="bbox 695 4283 2211 4387; baseline 0.001 -29"><span class='ocrx_word' id='word_1_259' title='bbox 695 4283 806 4382; x_wconf 88' lang='lat' dir='ltr'><strong>pulcri</strong></span> <span class='ocrx_word' id='word_1_260' title='bbox 822 4283 972 4380; x_wconf 89' lang='lat' dir='ltr'><strong>bonique</strong></span> <span class='ocrx_word' id='word_1_261' title='bbox 995 4308 1120 4360; x_wconf 88' lang='lat' dir='ltr'><strong>amore.</strong></span> <span class='ocrx_word' id='word_1_262' title='bbox 1159 4285 1243 4358; x_wconf 86' lang='lat' dir='ltr'><strong>Dies</strong></span> <span class='ocrx_word' id='word_1_263' title='bbox 1266 4286 1371 4360; x_wconf 82' lang='lat' dir='ltr'><strong>festos</strong></span> <span class='ocrx_word' id='word_1_264' title='bbox 1396 4289 1646 4379; x_wconf 85' lang='lat' dir='ltr'><strong>celebravistis,</strong></span> <span class='ocrx_word' id='word_1_265' title='bbox 1672 4314 1781 4387; x_wconf 91' lang='lat' dir='ltr'><strong>quum</strong></span> <span class='ocrx_word' id='word_1_266' title='bbox 1809 4288 1916 4362; x_wconf 87' lang='lat' dir='ltr'><strong>tristis</strong></span> <span class='ocrx_word' id='word_1_267' title='bbox 1938 4286 2101 4385; x_wconf 88' lang='lat' dir='ltr'><strong>temporis</strong></span> <span class='ocrx_word' id='word_1_268' title='bbox 2127 4287 2211 4360; x_wconf 89' lang='lat' dir='ltr'><strong>ratio</strong></span> 
     </span>
     <span class='ocr_line' id='line_1_31' title="bbox 695 4401 2210 4506; baseline 0 -26"><span class='ocrx_word' id='word_1_269' title='bbox 695 4429 765 4480; x_wconf 90' lang='lat' dir='ltr'><strong>nou</strong></span> <span class='ocrx_word' id='word_1_270' title='bbox 785 4404 935 4503; x_wconf 88' lang='lat' dir='ltr'><strong>amplius</strong></span> <span class='ocrx_word' id='word_1_271' title='bbox 951 4401 1113 4479; x_wconf 90' lang='lat' dir='ltr'><strong>obstaret.</strong></span> <span class='ocrx_word' id='word_1_272' title='bbox 1150 4404 1268 4482; x_wconf 90' lang='lat' dir='ltr'><strong>Placet</strong></span> <span class='ocrx_word' id='word_1_273' title='bbox 1292 4406 1466 4480; x_wconf 90' lang='lat' dir='ltr'><strong>interdum</strong></span> <span class='ocrx_word' id='word_1_274' title='bbox 1490 4409 1701 4506; x_wconf 87' lang='lat' dir='ltr'><strong>requiescere</strong></span> <span class='ocrx_word' id='word_1_275' title='bbox 1721 4409 1855 4495; x_wconf 89' lang='lat' dir='ltr'><strong>Musis,</strong></span> <span class='ocrx_word' id='word_1_276' title='bbox 1880 4433 1943 4482; x_wconf 92' lang='lat' dir='ltr'><strong>nec</strong></span> <span class='ocrx_word' id='word_1_277' title='bbox 1956 4406 2065 4505; x_wconf 93' lang='lat' dir='ltr'><strong>pudet</strong></span> <span class='ocrx_word' id='word_1_278' title='bbox 2078 4406 2210 4480; x_wconf 85' lang='lat' dir='ltr'><strong>lusisse.</strong></span> 
     </span>
     <span class='ocr_line' id='line_1_32' title="bbox 697 4521 2210 4626; baseline 0.001 -28"><span class='ocrx_word' id='word_1_279' title='bbox 697 4524 767 4598; x_wconf 89' lang='lat' dir='ltr'><strong>Sed</strong></span> <span class='ocrx_word' id='word_1_280' title='bbox 782 4548 849 4598; x_wconf 87' lang='lat' dir='ltr'><strong>non</strong></span> <span class='ocrx_word' id='word_1_281' title='bbox 865 4523 1016 4598; x_wconf 88' lang='lat' dir='ltr'><strong>incidere</strong></span> <span class='ocrx_word' id='word_1_282' title='bbox 1029 4521 1152 4597; x_wconf 92' lang='lat' dir='ltr'><strong>ludum</strong></span> <span class='ocrx_word' id='word_1_283' title='bbox 1168 4523 1361 4622; x_wconf 87' lang='lat' dir='ltr'><strong>insipientis</strong></span> <span class='ocrx_word' id='word_1_284' title='bbox 1375 4537 1438 4600; x_wconf 90' lang='lat' dir='ltr'><strong>est.</strong></span> <span class='ocrx_word' id='word_1_285' title='bbox 1465 4529 1588 4624; x_wconf 90' lang='lat' dir='ltr'><strong>ltaque</strong></span> <span class='ocrx_word' id='word_1_286' title='bbox 1601 4529 1730 4616; x_wconf 91' lang='lat' dir='ltr'><strong>ludite,</strong></span> <span class='ocrx_word' id='word_1_287' title='bbox 1743 4530 1803 4602; x_wconf 92' lang='lat' dir='ltr'><strong>sed</strong></span> <span class='ocrx_word' id='word_1_288' title='bbox 1817 4529 1920 4602; x_wconf 92' lang='lat' dir='ltr'><strong>etiam</strong></span> <span class='ocrx_word' id='word_1_289' title='bbox 1934 4527 2066 4626; x_wconf 89' lang='lat' dir='ltr'><strong>pergite</strong></span> <span class='ocrx_word' id='word_1_290' title='bbox 2077 4551 2210 4614; x_wconf 90' lang='lat' dir='ltr'><strong>curare,</strong></span> 
     </span>
     <span class='ocr_line' id='line_1_33' title="bbox 697 4644 2211 4746; baseline 0.001 -29"><span class='ocrx_word' id='word_1_291' title='bbox 697 4653 737 4717; x_wconf 88' lang='lat' dir='ltr'><strong>ut</strong></span> <span class='ocrx_word' id='word_1_292' title='bbox 767 4644 943 4719; x_wconf 90' lang='lat' dir='ltr'><strong>harmonia</strong></span> <span class='ocrx_word' id='word_1_293' title='bbox 973 4667 1041 4716; x_wconf 89' lang='lat' dir='ltr'><strong>nou</strong></span> <span class='ocrx_word' id='word_1_294' title='bbox 1074 4644 1189 4719; x_wconf 91' lang='lat' dir='ltr'><strong>minus</strong></span> <span class='ocrx_word' id='word_1_295' title='bbox 1221 4671 1325 4745; x_wconf 89' lang='lat' dir='ltr'><strong>quam</strong></span> <span class='ocrx_word' id='word_1_296' title='bbox 1355 4647 1478 4720; x_wconf 88' lang='lat' dir='ltr'><strong>studiis</strong></span> <span class='ocrx_word' id='word_1_297' title='bbox 1502 4649 1681 4746; x_wconf 86' lang='lat' dir='ltr'><strong>praeclaris</strong></span> <span class='ocrx_word' id='word_1_298' title='bbox 1704 4649 1911 4725; x_wconf 87' lang='lat' dir='ltr'><strong>Academiae</strong></span> <span class='ocrx_word' id='word_1_299' title='bbox 1940 4645 2053 4720; x_wconf 91' lang='lat' dir='ltr'><strong>decori</strong></span> <span class='ocrx_word' id='word_1_300' title='bbox 2082 4647 2157 4720; x_wconf 89' lang='lat' dir='ltr'><strong>sitis</strong></span> <span class='ocrx_word' id='word_1_301' title='bbox 2171 4653 2211 4720; x_wconf 92' lang='lat' dir='ltr'><strong>et</strong></span> 
     </span>
     <span class='ocr_line' id='line_1_34' title="bbox 695 4761 2208 4861; baseline 0.003 -25"><span class='ocrx_word' id='word_1_302' title='bbox 695 4761 832 4861; x_wconf 89' lang='lat' dir='ltr'><strong>gloriae.</strong></span> <span class='ocrx_word' id='word_1_303' title='bbox 870 4807 920 4822; x_wconf 89' lang='lat'>-</span> <span class='ocrx_word' id='word_1_304' title='bbox 954 4763 1123 4838; x_wconf 85' lang='lat' dir='ltr'><strong>Dolomus</strong></span> <span class='ocrx_word' id='word_1_305' title='bbox 1159 4787 1179 4838; x_wconf 90' lang='lat' dir='ltr'><strong>e</strong></span> <span class='ocrx_word' id='word_1_306' title='bbox 1213 4765 1506 4840; x_wconf 87' lang='lat' dir='ltr'><strong>commilitonibus</strong></span> <span class='ocrx_word' id='word_1_307' title='bbox 1543 4769 1663 4842; x_wconf 85' lang='lat' dir='ltr'><strong>restris</strong></span> <span class='ocrx_word' id='word_1_308' title='bbox 1696 4780 1766 4844; x_wconf 91' lang='lat' dir='ltr'><strong>tres</strong></span> <span class='ocrx_word' id='word_1_309' title='bbox 1788 4771 1928 4844; x_wconf 87' lang='lat' dir='ltr'><strong>iuvenes</strong></span> <span class='ocrx_word' id='word_1_310' title='bbox 1955 4768 2208 4842; x_wconf 85' lang='lat' dir='ltr'><strong>ornatissimos:</strong></span> 
     </span>
    </p>
   </div>
   <div class='ocr_carea' id='block_1_10' title="bbox 0 0 2436 6180">
    <p class='ocr_par' dir='ltr' id='par_1_12' title="bbox 0 0 2436 6180">
     <span class='ocr_line' id='line_1_35' title="bbox 0 0 2436 6180; baseline 0 1"><span class='ocrx_word' id='word_1_311' title='bbox 0 0 2436 6180; x_wconf 95' lang='lat' dir='ltr'><strong> </strong></span> 
     </span>
    </p>
   </div>
  </div>
 </body>
</html>
