4918 6174
898 629 1177 699 ottilo.
1755 628 1797 696 31

276 847 395 916 man
426 839 621 917 iaciuntur?
656 839 732 914 lam
760 838 954 938 percrebuit
980 859 1119 925 rurnror,
1156 836 1279 912 turrim
1308 836 1544 912 fundamentis
1570 839 1624 912 vin
1653 838 1792 914 buren-

271 965 348 1036 aar
370 960 509 1036 ruinam
533 959 657 1036 minari
680 968 716 1036 et
742 959 810 1058 ipsi
832 959 940 1036 onmis
964 958 1195 1058 spectavimus
1221 955 1350 1032 indicia
1375 958 1468 1032 unde
1496 967 1638 1056 apparet
1663 958 1792 1034 iustnee

273 1087 414 1177 tempus
443 1104 513 1178 quo
545 1079 639 1155 ouria
673 1079 709 1156 in
735 1103 807 1177 quo
833 1087 972 1156 senatus
1003 1077 1150 1154 habetem
1181 1083 1271 1152 teoto
1299 1077 1448 1175 collapso
1475 1078 1542 1152 sub
1568 1077 1650 1154 dive
1673 1077 1790 1154 rutum

270 1205 337 1274 est.
374 1199 560 1276 Outinarn
578 1199 670 1276 adsit
685 1199 825 1274 undam
843 1198 932 1274 illud
951 1206 1108 1296 tempus,
1125 1197 1419 1294 quemadmodum
1437 1205 1520 1272 ante
1537 1197 1600 1272 hos
1618 1198 1789 1295 quinque·

271 1317 371 1415 ginis
389 1343 498 1394 annos
511 1319 584 1394 Lex
604 1319 846 1418 pollicebatur,
866 1327 906 1394 ut
922 1341 1033 1415 quum
1052 1317 1202 1415 primum
1220 1341 1280 1414 per
1297 1325 1452 1414 tempore
1467 1317 1584 1392 liceret
1603 1317 1681 1392 noti
1697 1318 1789 1392 mut

272 1436 341 1510 ficii
364 1437 551 1512 academici
570 1439 778 1514 constructio
800 1436 1033 1512 inchoaretur!
1085 1438 1177 1512 Satis
1201 1421 1298 1510 'enim
1321 1436 1449 1510 scimus
1467 1437 1536 1510 iem
1557 1437 1691 1510 dudum
1712 1461 1788 1512 cern

273 1579 385 1630 rema
406 1557 632 1632 Ouratoribus
650 1559 818 1656 provisam
845 1564 880 1630 et
905 1555 972 1629 illis
994 1557 1029 1628 in
1051 1580 1198 1653 quorum
1222 1580 1327 1628 manu
1351 1580 1404 1628 res
1427 1565 1480 1628 est
1502 1557 1786 1631 commendatam.

319 1677 519 1773 Antequam
545 1699 632 1748 nova
658 1675 707 1748 rei
731 1668 947 1750 academicae
975 1673 1169 1764 ordinatio,
1203 1673 1240 1746 id
1268 1673 1363 1771 quod
1389 1673 1524 1748 videtur
1549 1677 1697 1762 instare,
1723 1677 1788 1750 erit

268 1793 446 1880 absolute,
480 1795 670 1870 reuocando
705 1803 759 1868 cst
789 1794 825 1866 in
867 1795 1066 1870 memoriam
1101 1793 1210 1866 altera
1237 1817 1377 1890 quoque
1413 1793 1594 1891 promissio
1627 1820 1716 1893 quan
1751 1797 1787 1869 in

267 1920 332 1988 art.
364 1915 434 1986 168
467 1913 679 1988 continetur:
720 1913 930 2011 nuniwiquc
966 1913 1181 1988 unirmsiteti
1214 1914 1398 2011 quotannis
1431 1914 1640 1988 attribuetur
1671 1915 1788 2013 ampla

267 2030 434 2130 penum
460 2057 597 2108 summa
619 2031 713 2106 unde
739 2038 901 2106 emantur
923 2030 1002 2106 libri
1031 2032 1066 2106 in
1094 2031 1204 2130 putria
1230 2042 1292 2106 sut
1321 2041 1419 2106 cntra
1445 2033 1590 2131 patriam
1614 2034 1699 2107 editi
1725 2042 1787 2110 eut

267 2151 409 2249 posthac
444 2152 479 2224 in
518 2153 631 2228 lucem
668 2151 872 2252 prodituri.'’
926 2152 1001 2226 Iam
1036 2151 1162 2249 aliquis
1195 2177 1237 2226 ex
1272 2152 1508 2228 decessoribus
1546 2153 1632 2228 meis
1666 2161 1784 2228 votum

266 2268 441 2364 concepit,
465 2277 505 2342 ut
531 2269 739 2346 bibliotheca
763 2291 856 2346 nuno
880 2270 1091 2367 praeclarum
1113 2271 1149 2344 in
1173 2271 1316 2348 modum
1343 2271 1549 2360 consumta,
1575 2297 1655 2348 mor
1679 2273 1784 2347 etiem

266 2387 430 2464 librorum
471 2413 637 2464 novorum
675 2391 775 2488 copie
806 2389 1006 2464 instruetur.
1063 2389 1232 2466 Dicamus
1265 2417 1358 2466 nunc
1391 2392 1529 2466 disertis
1566 2391 1678 2466 verbis
1711 2413 1782 2490 quo

265 2515 366 2606 pecto
396 2508 443 2582 sit
469 2509 645 2606 provisum
670 2510 715 2583 iis
743 2510 804 2607 qui
832 2510 869 2584 in
898 2510 1095 2584 uniuersum
1126 2509 1261 2584 artibus
1288 2513 1505 2587 naturalibus
1528 2512 1613 2586 dant
1644 2537 1783 2610 opernm

265 2637 328 2704 aut
355 2628 533 2724 speciatim
558 2628 623 2704 arti
650 2628 853 2702 botanicse?
887 2629 967 2702 Non
998 2627 1120 2703 luciam
1146 2628 1356 2716 Auditores,
1377 2638 1414 2703 et
1443 2653 1505 2704 cur
1539 2654 1608 2704 non
1641 2629 1781 2718 faciem,

265 2770 405 2832 ornnes,
433 2755 472 2818 ut
493 2747 634 2842 opinor,
661 2745 863 2843 intelligitis.

312 2865 408 2938 Malu
434 2887 491 2938 me
518 2865 563 2938 ab
591 2865 685 2938 hisne
714 2875 828 2938 totum
858 2873 1010 2938 avertere
1036 2872 1070 2936 et
1102 2864 1297 2962 praedicare
1332 2864 1447 2962 potius
1476 2875 1687 2963 quantopere
1719 2867 1781 2940 de·

263 2982 434 3057 lectentur
458 2983 586 3058 artium
612 2983 820 3057 naturalium
846 2984 994 3057 cultores
1022 2983 1057 3056 in
1086 2984 1350 3082 contemplenda
1383 2984 1520 3082 specula
1551 2986 1781 3060 astronomica

263 3112 299 3178 et
323 3102 505 3200 splendida
533 3103 616 3178 sede
645 3102 805 3201 physicae
829 3110 867 3176 et
889 3102 1043 3178 chemise
1066 3112 1104 3178 et
1132 3104 1325 3178 enatonriac
1351 3104 1472 3178 usibus
1495 3105 1674 3191 dedicata,
1701 3105 1778 3202 qui·

264 3221 331 3298 bus
351 3222 493 3298 umescit
515 3221 758 3298 hboratorium
781 3221 1066 3320 physiologinunr.
1117 3224 1336 3321 Argumento
1358 3223 1441 3298 baec
1464 3233 1546 3298 ssmt
1566 3232 1779 3321 quantopere

262 3341 330 3415 illis
353 3341 414 3440 qui
436 3367 591 3417 summae
617 3344 665 3416 rei
688 3341 846 3441 publicae
867 3351 1032 3442 praesunt
1055 3343 1151 3418 condi
1175 3344 1220 3416 sit
1241 3343 1499 3440 disciplinarum
1520 3342 1636 3419 studia
1659 3365 1778 3416 neces·

264 3461 351 3534 sario
375 3470 541 3560 apparatu
567 3470 602 3534 et
624 3461 1037 3561 supellectileinstruere.
1089 3463 1180 3536 Satis
1207 3470 1260 3535 est
1290 3462 1325 3534 in
1356 3462 1438 3536 haec
1464 3462 1580 3535 oculos
1610 3462 1775 3536 coniicere

265 3588 304 3656 ut
334 3579 504 3680 nntltgss
537 3589 668 3681 quanta
702 3606 784 3656 cura
819 3590 855 3654 et
883 3581 1064 3680 diligentia
1095 3606 1217 3656 omnes
1253 3581 1314 3679 qui
1348 3579 1440 3654 hisce
1476 3581 1658 3679 praepositi
1693 3588 1776 3656 strat

263 3700 419 3776 studium
455 3710 586 3800 ponant
611 3709 780 3799 utquam
806 3701 1077 3778 crrmnlatissirnc
1103 3703 1213 3775 officio
1238 3700 1458 3775 mtislecmnt

309 3819 448 3896 Hortus
469 3820 669 3909 betonicam,
696 3821 732 3896 in
757 3843 828 3919 quo
848 3820 954 3896 simul
975 3828 1116 3919 apparet
1140 3821 1328 3898 sessoria
1351 3819 1397 3894 ad
1422 3819 1617 3894 docendum
1642 3827 1679 3893 et
1702 3818 1772 3892 dis·

261 3939 410 4013 cendum
432 3940 611 4028 materies,
644 3950 679 4016 et
707 3940 864 4016 amabilis
893 3948 929 4013 et
955 3965 1099 4014 amoena
1126 3941 1303 4015 botanicae
1328 3941 1431 4014 facies
1453 3939 1662 4038 conspicitur
1689 3937 1775 4012 utri·-

262 4081 330 4154 que
356 4061 530 4158 proposito
557 4084 619 4158 pro
649 4059 784 4134 ambitu
814 4059 987 4134 satisfacit.
1039 4060 1263 4134 Delectantur
1285 4060 1344 4135 illo
1371 4069 1406 4132 et
1430 4059 1520 4132 cives
1546 4068 1580 4132 et
1605 4058 1768 4154 hospites.

261 4176 409 4275 Reliqua
440 4179 616 4254 botanicae
643 4181 693 4252 rei
722 4179 930 4254 adminicula
958 4178 1112 4252 nondum
1141 4188 1224 4253 sunt
1257 4179 1293 4253 in
1321 4205 1361 4252 ee
1385 4179 1598 4266 conditione,
1631 4188 1670 4251 ut
1701 4203 1770 4251 res-

258 4296 434 4394 pondeant
461 4299 632 4396 praesenti
655 4299 854 4397 disciplinae
884 4299 990 4372 statui
1019 4307 1081 4372 aut
1110 4299 1205 4396 peria
1234 4299 1303 4373 sint
1328 4299 1389 4386 iis,
1422 4323 1510 4396 quae
1536 4297 1676 4396 reliquis
1700 4297 1769 4369 dis·

259 4415 394 4514 ciplinis
416 4429 534 4517 perata
557 4428 640 4493 sunt
658 4419 822 4494 subsidia.
874 4418 945 4492 Sed
964 4420 1042 4493 nolo
1065 4444 1157 4493 nunc
1180 4419 1233 4492 his
1258 4419 1390 4493 diutius
1415 4418 1597 4492 immorari.
1633 4417 1767 4488 Notum

258 4542 312 4608 est
340 4536 377 4609 id
400 4537 493 4634 quod
525 4537 740 4612 desideratur
764 4538 824 4625 iis,
850 4539 885 4614 in
916 4563 1063 4636 quorum
1094 4563 1198 4612 manu
1230 4546 1282 4611 est
1310 4539 1401 4612 mals
1430 4563 1569 4622 sanare,
1598 4543 1633 4609 et
1656 4559 1697 4608 ex
1727 4533 1770 4606 iis

257 4679 346 4751 quae
371 4655 441 4730 iam
467 4657 591 4756 corrigi
617 4665 737 4755 coepte
762 4667 844 4730 sunt
866 4658 1003 4755 cognita
1027 4659 1202 4732 voluntate
1228 4659 1441 4744 animorum,
1466 4657 1558 4729 iusta
1584 4679 1662 4753 spes
1688 4678 1769 4728 con·

257 4773 382 4872 cipitur
404 4776 476 4851 fore
504 4785 543 4851 ut
570 4776 665 4850 brevi
689 4777 821 4874 reliqua
847 4801 986 4875 quoque
1011 4777 1135 4852 melius
1160 4777 1424 4851 constituantur.
