4918 6174
1091 669 1103 714 ·,
1195 639 1299 706 ACTA
1323 641 1372 706 ΕΤ
1395 639 1522 705 GESTA
1548 641 1591 707 ΙΝ
1614 637 1784 707 SENATU.

896 847 1139 947 lubentiorque
1171 873 1274 946 quam
1309 847 1431 937 hodie,
1457 847 1494 920 in
1519 851 1581 921 tna
1606 869 1730 934 cansa,
1755 845 2049 944 praestantissime
2076 851 2245 938 Κόιντος,

892 975 928 1042 et
958 968 996 1042 in
1029 976 1089 1042 tuo
1119 968 1255 1043 honore.
1306 968 1400 1042 Nam
1431 966 1517 1065 quid
1550 964 1636 1040 milri
1661 965 1813 1063 optatius
1840 965 1955 1065 potnit
1979 966 2115 1042 evenne
2141 992 2244 1067 qnam

894 1095 934 1164 nt
961 1087 997 1162 in
1027 1088 1096 1174 Te,
1123 1111 1227 1186 quem
1252 1085 1393 1186 plurimi
1417 1085 1540 1161 faciam
1566 1094 1601 1160 et
1622 1109 1726 1185 quam
1752 1109 1794 1160 ex
1820 1085 1937 1161 animo
1961 1085 2125 1187 diligam,
2151 1111 2244 1164 sum·

891 1230 966 1282 mos
987 1206 1023 1280 in
1050 1205 1192 1280 Litteris
1215 1206 1361 1281 honores
1381 1205 1570 1282 conferrem
1590 1229 1703 1280 ooram
1723 1204 1785 1280 hec
1808 1205 1957 1280 anorum
1979 1205 2244 1281 clarissimorum

888 1349 1031 1413 corona,
1067 1314 1103 1399 in
1141 1324 1205 1399 hoo
1242 1325 1349 1405 nobili
1382 1333 1417 1399 et
1449 1325 1575 1398 illustri
1610 1325 1702 1413 loco,
1739 1323 1802 1397 nbi
1841 1348 2056 1399 summorum
2096 1325 2243 1402 virorum

891 1444 1084 1543 imagines,
1111 1453 1147 1518 et
1164 1445 1200 1518 in
1220 1441 1274 1517 his
1292 1443 1431 1542 Iosephi
1449 1442 1632 1541 scaligeri,
1653 1441 1782 1517 Tiberii
1802 1441 2079 1533 Hemsterbusii,
2102 1445 2244 1520 Doridis

893 1565 1097 1639 Ruhnkenii
1120 1563 1256 1664 placido
1284 1563 1414 1637 lumine
1438 1564 1488 1636 Te
1510 1571 1545 1636 et
1568 1587 1631 1636 nos
1655 1585 1775 1636 omnes
1796 1563 2085 1662 contemplentur,
2107 1579 2143 1638 et
2158 1565 2243 1640 Gni-

891 1688 1027 1780 lielmus
1055 1684 1207 1782 primns,
1231 1681 1505 1781 sapientissimus
1526 1682 1619 1758 idem
1645 1691 1680 1756 et
1705 1680 1914 1785 fortissimus
1941 1683 2148 1762 nostratium
2171 1707 2242 1758 om·

890 1808 1009 1895 nium,
1032 1812 1151 1880 auctor
1177 1811 1313 1877 nostrae
1334 1801 1521 1888 libertatis,
1546 1809 1718 1876 auctorat
1738 1801 1895 1877 conditor
1916 1811 2054 1878 nostrae
2080 1801 2242 1878 universi·

891 1927 991 2013 tatis,
1016 1926 1067 1998 Te
1092 1947 1211 1998 sereno
1236 1923 1335 1996 vultu
1359 1931 1478 1996 contra
1502 1921 1667 1996 intuetur.

938 2043 1094 2119 Primum
1130 2068 1173 2117 en
1203 2067 1260 2118 me
1289 2041 1409 2116 audies
1441 2040 1526 2139 quid
1555 2041 1600 2114 sit
1624 2039 1849 2138 quamobrem
1872 2039 1921 2114 Ta
1950 2039 2054 2116 lardus
2077 2040 2240 2116 universi·

888 2165 972 2240 tatis
1012 2164 1160 2238 Senatus
1195 2163 1342 2237 summis
1372 2161 1561 2237 honoribus
1592 2160 1794 2236 iudicaverit
1818 2184 1901 2250 essa
1921 2161 2079 2260 dignum.
2130 2161 2239 2236 Vehe-

891 2291 1024 2358 menter
1057 2282 1092 2355 in
1126 2281 1175 2355 Te
1212 2280 1454 2380 probavimus,
1491 2279 1784 2381 praestantissime
1819 2283 1994 2368 Κόντος,
2033 2290 2069 2355 et
2101 2280 2241 2356 maximi

885 2403 1031 2478 fecimus
1063 2400 1224 2476 eximiam
1257 2402 1302 2476 ad
1329 2401 1444 2476 studia
1466 2400 1660 2474 Iiterarum
1689 2397 1841 2473 indolem
1867 2407 1902 2472 et
1923 2399 2096 2499 insignem
2120 2422 2238 2498 quam·

857 2521 964 2596 'dam
1002 2521 1196 2595 Literarum
1233 2518 1388 2616 peritiam
1434 2527 1469 2592 et
1506 2516 1771 2617 intelligentiam
1810 2541 1892 2592 num
1932 2519 2099 2619 singulari
2132 2518 2241 2594 aninri

884 2640 1031 2719 caudore
1052 2647 1088 2714 et
1111 2637 1280 2712 modestia
1301 2638 1530 2714 coniunctam.
1582 2638 1697 2712 Natus
1723 2661 1761 2712 es
1783 2639 1992 2737 Amphissae
2013 2640 2050 2714 in
2073 2639 2238 2728 Iooride,

883 2761 921 2840 in
952 2785 994 2834 eo
1024 2758 1171 2858 oppido,
1207 2757 1300 2832 unde
1330 2781 1374 2832 ex
1406 2756 1596 2856 longinquo
1625 2757 1835 2856 conspicitur
1863 2759 2032 2858 Delphica
2055 2784 2180 2858 rupes,
2204 2757 2239 2831 in

884 2905 955 2980 qna
974 2903 1112 2954 summa
1136 2876 1293 2976 fulgebat
1313 2875 1396 2950 olim
1418 2879 1587 2975 templum
1608 2877 1794 2975 Apollinis,
1820 2879 1907 2955 illud
1928 2879 1964 2954 in
1985 2880 2098 2955 fronte
2118 2903 2239 2979 gerens

883 2998 1094 3074 celebratum
1117 2998 1211 3096 apud
1235 3021 1369 3070 omnes:
1397 3004 1525 3097 γνῶθι
1547 3001 1720 3075 σεαυτόν.
1772 2998 1939 3076 Divinum
1960 3000 2049 3078 illud
2069 2999 2239 3098 Apollinis

880 3126 1103 3220 praeceptum
1130 3117 1285 3217 plerique
1310 3140 1431 3192 omnes
1457 3117 1602 3194 laudant
1623 3130 1658 3193 et
1683 3118 1918 3210 admirantur,
1955 3121 2018 3196 sed
2039 3120 2142 3219 panni
2163 3127 2238 3194 tan·

879 3244 980 3329 tum,
1013 3238 1051 3312 in
1083 3261 1232 3336 quornm
1264 3262 1408 3312 numero
1433 3239 1489 3314 Tu
1510 3263 1567 3326 es,
1593 3237 1730 3336 sapiens
1753 3240 1936 3316 eonsilium
1960 3241 1997 3315 in
2020 3242 2111 3316 vitae
2137 3263 2239 3314 nsum

881 3366 1132 3436 converterunt.
1185 3358 1321 3458 Nempe
1340 3360 1394 3434 Tu
1417 3382 1528 3455 quum
1549 3358 1585 3432 in
1607 3358 1718 3458 patria
1738 3365 1833 3434 totns
1850 3359 1885 3432 in
1906 3359 2102 3436 Literarnm
2126 3358 2239 3434 studia

882 3479 1121 3566 incumberes,
1157 3503 1226 3554 non
1257 3503 1294 3552 es
1328 3478 1487 3554 imitatus
1517 3478 1690 3554 levitatem
1725 3487 1760 3554 at
1801 3479 1987 3556 vanitatem
2026 3503 2169 3567 eorum,
2201 3477 2237 3554 in

883 3622 972 3698 quos
1001 3597 1094 3672 cadit
1118 3598 1217 3696 'qnod
1244 3598 1338 3696 apud
1365 3597 1566 3674 Terentium
1594 3607 1667 3674 est:
1709 3599 1859 3675 nOmnia
1882 3625 1920 3675 se
1942 3607 2069 3699 putant
2096 3599 2183 3674 scira
2203 3607 2238 3673 et

884 3717 948 3792 soli
976 3715 1137 3816 nesciunt
1158 3717 1318 3807 omnia‚''
1345 3719 1406 3793 sed
1429 3726 1465 3792 et
1489 3727 1590 3793 acute
1615 3718 1817 3796 intellexisti
1836 3727 1874 3796 et
1898 3720 2045 3795 candide
2067 3720 2235 3795 modeste·

885 3861 961 3936 que
991 3837 1162 3936 agnovisti
1195 3837 1280 3935 qnid
1315 3838 1394 3912 Tibi
1428 3846 1463 3912 et
1496 3838 1721 3938 popularibus
1755 3839 1825 3916 tuis
1850 3840 2013 3916 omnibus
2037 3841 2171 3916 deesset
2196 3843 2235 3913 nt

885 3955 1001 4032 studia
1031 3956 1241 4032 Litterarum
1277 3965 1391 4033 essent
1428 3983 1511 4034 sana
1543 3983 1583 4033 ao
1616 3958 1726 4034 solida
1757 3967 1863 4059 atque
1886 3960 1991 4034 huius
2017 3959 2137 4036 aetatis
2161 3958 2236 4032 luce

884 4077 967 4154 satia
994 4077 1110 4176 digna.
1160 4077 1285 4175 Itaque
1311 4078 1434 4177 cepisti
1456 4101 1623 4178 magnum
1645 4104 1686 4153 ac
1709 4087 1888 4156 strenuum
1910 4079 2104 4156 consilinm.
2138 4079 2235 4153 Post-

780 4273 783 4278 .
886 4196 1014 4272 habitis
1053 4195 1158 4270 rebus
1192 4197 1355 4274 omnibns
1391 4206 1427 4272 et
1461 4197 1579 4276 relicta
1594 4269 1600 4280 .
1612 4200 1722 4297 patria
1753 4199 1789 4274 in
1824 4200 1982 4276 nltimam
2014 4198 2236 4275 Hellandiam

887 4316 1031 4406 venisti,
1063 4316 1112 4390 nil
1136 4317 1262 4391 veritus
1288 4316 1507 4415 gravissimas
1531 4317 1580 4392 rei
1604 4317 1824 4394 difficultates
1845 4327 1881 4394 et
1905 4319 2097 4406 molestias,
2123 4340 2234 4415 neque

886 4437 1026 4536 linguae
1059 4443 1194 4512 nostrae
1234 4437 1304 4512 ullo
1337 4437 1441 4511 modo
1472 4461 1621 4536 gnarus,
1656 4463 1768 4536 neque
1799 4447 1959 4514 naturam
1992 4438 2145 4513 locorum
2175 4441 2234 4511 aut

883 4556 1071 4632 incolarum
1097 4555 1163 4630 nisi
1186 4555 1278 4631 fama
1301 4557 1474 4654 cognitam
1496 4557 1646 4646 habena3
1672 4582 1717 4634 ex
1738 4559 1980 4636 amoenissimo
2002 4558 2121 4633 Ioniae
2141 4555 2233 4631 coelo

884 4702 954 4752 non
985 4677 1217 4752 reformidasti
1248 4677 1283 4751 in
1318 4675 1393 4751 illae
1417 4701 1493 4752 oras
1515 4675 1610 4753 abira
1636 4676 1698 4784 ubi
1718 4678 1804 4754 coeli
1827 4679 2048 4777 intemperiae
2072 4686 2107 4753 et
2129 4675 2233 4751 incle-

881 4795 1047 4874 mentiam
1087 4821 1188 4896 aegre
1218 4796 1391 4896 perferens
1424 4797 1527 4874 vitam
1562 4797 1760 4898 banaegisti
1797 4798 2004 4874 laboriosam
2038 4807 2074 4874 et
2108 4794 2234 4873 enerci-
