4864 6180
690 672 733 742 02
1288 673 1618 745 G.K08TBR

689 881 850 981 gnlorum
874 881 910 956 in
938 907 1040 984 aegro
1064 883 1218 970 vivente,
1245 884 1342 982 iungi
1365 883 1494 960 dabant
1518 881 1656 969 omnia,
1687 879 1818 980 quibus
1847 880 2023 957 studiosus
2048 877 2211 956 maiorem

688 1001 907 1078 nanciscatur
931 1003 1128 1078 morborum
1151 1003 1394 1102 cognitionem.
1445 1003 1575 1078 Nilzed
1597 1001 1807 1078 eum-linem
1836 1001 1975 1089 utilius,
2001 999 2050 1074 nil
2072 1000 2212 1099 gravius

688 1147 794 1222 quam
831 1129 1007 1199 anatomea
1044 1123 1280 1224 pathologicae
1317 1125 1496 1212 studium,
1533 1121 1691 1222 inprimis
1727 1121 1820 1220 quod
1859 1129 2020 1196 anatome
2056 1120 2210 1220 patholo-

688 1241 766 1342 gica
798 1242 954 1341 specialis
989 1251 1137 1318 vocatur.
1199 1245 1351 1344 Exponit
1373 1245 1433 1319 illa
1455 1244 1631 1319 morbosos
1655 1242 1810 1320 omnium
1835 1267 2041 1342 organorum
2066 1249 2102 1314 at
2128 1240 2210 1316 tela·

688 1386 765 1436 rum
791 1363 941 1462 corporis
966 1363 1186 1454 affectiones;
1212 1365 1246 1438 iu
1270 1365 1433 1440 cadavere
1458 1363 1671 1438 demonstrat
1694 1362 1780 1460 quid
1802 1361 1984 1450 affectum,
2009 1362 2095 1460 quid
2121 1386 2210 1436 mor·

687 1481 812 1556 boaum
847 1483 911 1572 sit;
941 1483 1159 1558 enucleatius
1192 1484 1317 1559 deindo
1343 1491 1577 1584 perscrutatur
1603 1507 1672 1581 quo
1699 1482 1801 1556 modo
1824 1506 1954 1583 organa
1977 1481 2101 1558 affecta
2122 1481 2208 1570 sint;

687 1626 766 1677 cum
802 1601 878 1677 eliis
910 1602 1156 1702 speciminibus
1186 1613 1319 1704 reperta
1342 1615 1535 1703 comparat;
1570 1627 1691 1677 omues
1716 1602 1866 1700 partium
1893 1627 2072 1701 corporum
2097 1613 2209 1677 muto·

687 1721 799 1796 tiones
835 1722 989 1822 indagat.
1053 1724 1095 1798 In
1117 1723 1182 1798 hac
1216 1723 1433 1823 pathologiee
1470 1733 1587 1822 parte,
1627 1731 1666 1798 ut
1702 1722 1795 1796 bene.
1830 1721 1863 1796 ai
1901 1721 2101 1810 studentur,
2141 1732 2208 1796 tarn

688 1843 799 1916 multa
832 1843 1076 1940 requiruntur,
1113 1851 1152 1917 ut
1190 1843 1265 1918 cius
1302 1845 1458 1918 studium
1491 1843 1526 1918 in
1560 1842 1687 1917 exteris
1715 1840 1913 1916 Academiis
1941 1840 2124 1940 professori
2153 1843 2211 1916 uui

688 1962 891 2036 mandatum
930 1962 1117 2037 videamus.
1170 1964 1267 2038 Idem
1308 1989 1373 2038 usu
1410 1965 1502 2038 venit
1537 1964 1571 2036 in
1610 1986 1696 2036 nova
1736 1959 1850 2036 sobole
1884 1961 2208 2037 Amstelodamensi.

689 2082 816 2158 Tacere
849 2091 964 2156 temen
1002 2107 1070 2159 non
1105 2083 1203 2158 licet:
1241 2084 1343 2159 etiam
1367 2085 1403 2158 iu
1428 2083 1615 2159 Academia
1640 2081 1962 2179 enganno-Batava
1985 2081 2208 2180 professorem

688 2211 866 2277 anatomes
897 2201 1134 2302 pathologicae
1170 2213 1323 2292 exstare,
1363 2229 1443 2279 eum
1484 2213 1600 2280 tamen
1642 2201 1946 2277 extraordinarium
1983 2201 2005 2276 i.
2038 2224 2068 2277 e.
2106 2227 2208 2302 parvo

688 2322 800 2420 pretio
819 2329 963 2396 emtum.

738 2441 814 2516 Iam
846 2441 975 2540 duplex
1006 2465 1135 2516 munus
1162 2444 1362 2542 professoris
1392 2444 1568 2544 pathologi
1601 2444 1764 2542 exposni3
1797 2444 1945 2521 necdum
1979 2443 2096 2518 omnia
2124 2441 2204 2517 dixi.

688 2561 733 2634 Ei
771 2561 873 2635 etiarn
909 2561 1082 2637 incumbit
1118 2563 1287 2640 chemieas
1325 2567 1506 2642 instituere
1544 2563 1772 2663 quaestiones.
1835 2563 1964 2638 Omnia
2002 2563 2206 2662 investigare

690 2680 793 2755 debet
819 2707 907 2780 quae
933 2682 1087 2757 chemica
1109 2684 1240 2782 analysi
1262 2686 1411 2785 partium
1441 2685 1675 2760 morbosarum
1700 2682 1861 2782 cognosci
1884 2690 2040 2781 possunt.

741 2801 797 2874 Sic
819 2801 1065 2901 igiturpatet,
1098 2802 1330 2903 pathologiam
1356 2830 1471 2879 revera
1495 2805 1646 2904 corporis
1672 2803 1802 2878 morbis
1824 2802 1938 2878 affecti
1961 2802 2205 2902 physiologiam

690 2945 775 2996 asse.
826 2921 959 2996 Eadem
993 2922 1177 3011 methodo,
1211 2922 1333 2997 iisdem
1365 2922 1501 2998 auxiliis
1532 2923 1641 2998 utitur
1676 2921 1805 3021 quibus
1840 2921 2053 3021 physiologia
2080 2920 2205 3021 gaudet

689 3040 727 3116 in
762 3066 845 3116 sano
878 3067 1018 3143 corpora
1050 3043 1310 3143 investigando:
1349 3044 1550 3120 anatomicis
1585 3069 1709 3143 nempe
1744 3054 1779 3116 et
1815 3040 2044 3140 hiatologicis,
2079 3041 2205 3140 experi-

689 3160 817 3236 mentis
847 3160 882 3236 in
916 3161 1116 3237 animalium
1144 3162 1344 3261 corporibus
1370 3162 1612 3251 instituendis,
1639 3162 1861 3260 chemicaque
1886 3161 2035 3260 partium
2061 3160 2207 3260 corporis

689 3280 830 3378 analysi.
880 3281 959 3357 Hoc
982 3291 1097 3358 antem
1124 3282 1342 3382 pathologica
1365 3283 1467 3356 etiam
1493 3307 1572 3358 cum
1596 3280 1812 3382 physiologia
1834 3305 2017 3356 commune
2037 3289 2108 3356 est:
2132 3281 2206 3355 ehe-

691 3400 816 3474 mioam
837 3400 1037 3500 disciplinae
1061 3411 1196 3500 partem
1216 3400 1331 3475 adhuc
1352 3400 1427 3474 aliis
1447 3400 1640 3475 interiorem
1666 3426 1740 3476 esse
1763 3408 1798 3476 at
1820 3427 1929 3502 pauca
1951 3401 1995 3478 ad
2015 3402 2206 3477 morborum

691 3518 922 3615 cognitionem
948 3529 1132 3619 praestaro.
1186 3521 1301 3594 Multa
1324 3529 1439 3596 tamen
1463 3529 1636 3620 praestare
1659 3521 1800 3596 deberat
1811 3556 1821 3611 3
1846 3545 1997 3621 namque
2017 3548 2039 3597 a
2059 3521 2209 3596 chemise

691 3636 944 3737 physiologicas
981 3647 1016 3713 at
1048 3639 1284 3740 pathologicae
1319 3641 1559 3738 progressibus
1592 3641 1749 3740 inprimis
1779 3641 1975 3716 morborum
2007 3641 2209 3740 cognitionis

691 3765 828 3831 nostrae
857 3783 1058 3857 progressus
1095 3761 1307 3858 pendebunt.
1360 3761 1507 3860 Oportet
1541 3760 1650 3860 igitur
1679 3761 1914 3861 physiologiae
1939 3770 1974 3837 et
1996 3761 2208 3862 pathologica

692 3877 953 3976 investigatores
988 3904 1109 3955 omnes
1146 3880 1233 3954 vires
1267 3880 1446 3956 intendere
1478 3882 1522 3956 ad
1554 3882 1744 3956 ehamicam
1776 3883 1879 3957 etiam
1910 3882 2110 3981 discipliuae
2136 3905 2207 3978 par·

692 4004 785 4085 tem,
823 4007 862 4072 ut
897 4006 1048 4087 ceteras,
1087 3999 1297 4076 evehendum
1334 4011 1369 4075 et
1404 4003 1684 4102 promovendam.
1733 4003 1813 4078 Non
1837 4027 1962 4078 varrum
1988 4027 2062 4078 esso
2086 4003 2120 4076 in
2149 4001 2210 4076 hoo

695 4140 817 4216 compo
850 4117 1000 4193 laborem
1029 4120 1083 4195 his
1111 4122 1236 4195 nostris
1262 4121 1385 4196 diebus
1412 4124 1494 4197 satis
1522 4123 1691 4222 apparuit.
1743 4123 1893 4197 Nomina
1917 4131 2051 4198 tantum
2078 4119 2211 4206 Ki'rhnii

692 4236 943 4325 Bemliaensis‚
971 4239 1235 4340 Hoppe·Seyler
1260 4241 1514 4342 'l'ubingensis‚
1541 4251 1581 4316 ut
1605 4252 1736 4316 ceteros
1761 4251 1912 4330 taccam,
1939 4243 2209 4341 pronuntiando,

692 4358 727 4431 in
763 4357 964 4434 memoriam
997 4384 1124 4436 revoco·
1143 4361 1228 4461 quid
1257 4363 1353 4437 labor
1380 4364 1574 4438 indefessus
1595 4362 1740 4438 chemici
1765 4363 2017 4462 investigatoris
2043 4372 2212 4462 praestare

524 4581 532 4589 ι
630 4477 635 4486 ‘
693 4479 811 4576 possit.
864 4477 932 4552 Sed
955 4480 1035 4577 quis
1060 4481 1097 4554 in
1120 4482 1232 4581 patria
1255 4491 1370 4558 nostre
1399 4510 1435 4559 se
1463 4485 1516 4558 vel
1541 4483 1713 4558 ohemieoe
1737 4483 1789 4558 vel
1814 4483 1974 4582 physicae
1997 4483 2049 4557 vel
2074 4481 2212 4558 histolo·

693 4597 790 4696 gioae
809 4597 1009 4698 disciplinae
1028 4599 1265 4699 pathologieoe
1289 4602 1378 4701 perti
1400 4602 1570 4701 applicare
1592 4603 1734 4699 potest?
1772 4603 1914 4676 Nemini
1934 4602 2065 4689 otium,
2084 4599 2209 4676 nemini

693 4717 902 4792 adminicula
932 4720 1013 4794 data
1048 4721 1148 4796 suntl
1187 4721 1257 4796 Hic
1284 4721 1517 4821 pathologiam
1551 4723 1745 4821 generalem
1770 4747 1933 4800 novercae
1956 4747 2049 4798 mora
2069 4727 2207 4808 tractat3

693 4836 744 4910 illi
777 4844 934 4912 anatome
969 4839 1184 4938 pathologica
1217 4841 1380 4916 mandata
1415 4849 1487 4930 est,
1523 4843 1589 4918 iam
1615 4843 1741 4918 ceteris
1768 4843 1922 4918 muneris
1951 4839 2124 4916 laboribus
2150 4841 2208 4915 ob·
