4918 6174
708 621 753 686 22
1209 618 1250 682 G.
1283 617 1316 684 F.
1352 613 1391 684 rt.
1427 611 1714 682 tuuructrt

759 825 829 902 Sed
858 828 960 924 aequi
993 847 1068 900 esse
1097 823 1276 898 debemus.
1324 825 1419 896 Ante
1442 822 1571 896 multos
1594 844 1704 895 anuos
1727 824 1795 897 ianr
1820 824 1911 897 dixit
1935 827 2146 900 clarissimus
2168 825 2227 900 ille

710 949 874 1045 quiante
900 971 955 1020 nae
977 943 1171 1046 provinciae
1193 942 1371 1017 botanicae
1399 941 1590 1039 praefectus
1617 953 1703 1015 erat:

760 1066 873 1141 nsunt
896 1064 956 1163 qui
979 1063 1023 1138 de
1049 1064 1098 1138 rei
1122 1061 1350 1138 Academicue
1373 1059 1573 1135 conditione
1592 1068 1784 1158 querantur
1801 1069 1839 1136 ut
1860 1083 1882 1136 a
1903 1083 1991 1137 nora
2010 1061 2226 1138 ordinatione

707 1186 838 1284 optimu
876 1207 1037 1284 quaeque
1077 1191 1287 1283 exspectant.
1348 1181 1439 1255 Fieri
1478 1189 1610 1282 potest,
1653 1189 1693 1254 ut
1736 1180 1785 1254 sic
1822 1180 2010 1279 aliquando
2052 1182 2227 1258 uerutum

705 1327 850 1380 aureum
885 1313 1055 1380 namatus.
1106 1302 1281 1401 liquidem
1315 1301 1400 1377 seris
1425 1301 1611 1400 nepotibus
1634 1301 1671 1374 id
1695 1309 1906 1375 reservatum
1929 1300 2100 1376 cristinae.
2151 1305 2224 1375 Aa·

705 1425 776 1498 divi
805 1425 867 1522 qui
899 1423 959 1498 illu
989 1423 1230 1522 pollicerentur
1258 1445 1300 1496 er
1333 1441 1403 1519 quo
1428 1422 1540 1520 prima
1570 1419 1745 1495 doctrinae
1776 1419 1947 1495 elementa
1973 1428 2118 1519 coeptus
2146 1438 2224 1494 surn

702 1542 828 1618 doceri.

760 1665 918 1738 »Interea
943 1671 1058 1737 tamen
1086 1662 1293 1762 proiecimus
1319 1661 1535 1760 aliquantum
1561 1683 1629 1734 non
1659 1659 1751 1758 lage,
1775 1679 1846 1732 non
1869 1659 1961 1746 iura,
1988 1660 2050 1732 ssd
2074 1660 2151 1760 ipsa
2176 1663 2224 1734 rei

704 1789 828 1858 natura
860 1779 1018 1858 ducente.
1071 1783 1173 1856 luvet
1204 1801 1408 1881 componere
1439 1789 1651 1880 praesentem
1688 1784 1816 1853 statum
1852 1777 1978 1852 artium
2015 1781 2222 1856 naturalium

704 1926 784 1975 curn
824 1925 866 1974 eo
905 1908 998 1975 statu
1039 1899 1151 2000 qualis
1187 1911 1261 1973 erat
1291 1922 1382 1972 auno
1418 1899 1524 1972 1823.
1573 1895 1669 1986 Quae
1703 1903 1782 1971 tunr
1816 1897 2074 1974 Reinwerdtius
2110 1909 2223 1975 sustu

701 2019 850 2094 docebat
872 2021 985 2108 solus,
1011 2020 1047 2093 in
1070 2019 1113 2093 iis
1144 2041 1236 2094 nnnc
1259 2028 1328 2092 tres
1354 2015 1559 2116 professores
1581 2023 1716 2115 ponunt
1735 2013 1875 2116 opera'nr
1897 2025 1933 2091 et
1958 2018 2125 2095 studium.

754 2140 949 2238 aliquidem
971 2135 1015 2214 de
1035 2149 1133 2238 purte
1156 2147 1294 2212 tanturn
1318 2136 1470 2210 iudicare
1493 2155 1636 2236 possum
1663 2159 1725 2210 neo
1746 2136 1870 2211 dubito
1892 2138 2005 2236 palam
2030 2139 2221 2237 praedicare

701 2259 789 2334 hanc
818 2281 924 2333 unam
950 2267 1082 2359 partem
1109 2269 1181 2332 tana
1206 2265 1336 2332 vastam
1363 2279 1439 2330 esse
1462 2267 1499 2330 et
1523 2255 1591 2331 lete
1615 2267 1751 2356 patere,
1786 2266 1825 2330 ut
1853 2258 1956 2331 unios
1983 2257 2132 2334 hominis
2159 2257 2220 2334 hoc

702 2401 812 2453 unum
838 2377 973 2477 agentis
995 2399 1134 2478 operam
1160 2387 1196 2451 et
1215 2375 1421 2450 industriam
1445 2397 1584 2451 ornnem
1610 2375 1798 2475 requirat.'’

747 2497 825 2570 Non
855 2505 908 2570 est
929 2496 993 2571 hoc
1014 2495 1166 2596 proiecto
1179 2496 1333 2598 ‚unicurn
1356 2495 1553 2595 exemplum
1580 2496 1838 2571 universitatem
1864 2513 1985 2595 reapse
2006 2515 2219 2596 progressum

698 2639 795 2704 ease,
829 2617 939 2715 ipsius
971 2617 1134 2691 scientiae
1159 2637 1359 2716 progressu,
1392 2615 1499 2714 idque
1521 2617 1701 2714 agnovisse
1728 2641 1787 2692 eos
1816 2617 1878 2718 qui
1901 2637 2060 2692 summae
2082 2618 2131 2692 rei
2156 2639 2218 2718 pu·

698 2735 807 2810 blicae
836 2741 1042 2833 praeessent.
1092 2737 1212 2834 Atque
1244 2735 1293 2810 ita
1327 2759 1401 2809 esse
1433 2747 1468 2808 et
1502 2735 1578 2809 fieri
1606 2745 1750 2834 oportet.
1802 2735 1909 2811 Nulla
1942 2735 1996 2810 lex
2030 2735 2118 2811 hanc
2152 2738 2217 2812 vin

697 2853 822 2943 habet,
849 2866 888 2930 ut
912 2875 1131 2954 progressum
1162 2855 1305 2955 gignere
1329 2855 1448 2952 possit.
1498 2857 1661 2954 Angusta
1693 2856 1795 2931 vestis
1822 2863 1936 2956 potest
1968 2855 2217 2930 incrementum

696 2973 847 3074 eorporis
875 2973 1063 3073 impedire,
1096 2975 1163 3049 nisi
1193 2977 1268 3074 ipsa
1292 2985 1353 3049 aut
1377 2974 1588 3049 distenditur
1611 2983 1676 3049 sut
1700 2974 1822 3050 teritur
1846 2984 1909 3049 out
1931 2974 2157 3050 discinditur:
2183 2983 2218 3049 at

697 3094 777 3193 quis
808 3117 875 3170 non
905 3101 1004 3194 optet
1034 3093 1258 3170 Universitati
1284 3104 1413 3168 restem
1443 3093 1487 3168 ad
1516 3103 1731 3194 praeoentem
1761 3116 1861 3170 usum
1889 3095 2001 3194 magis
2029 3113 2216 3170 maruno·

696 3213 837 3288 datanri'
886 3213 953 3288 cni
984 3235 1053 3289 non
1081 3223 1135 3290 est
1159 3235 1382 3314 persuasum,
1418 3215 1569 3289 nattum
1592 3213 1674 3290 boni
1698 3221 1733 3289 et
1758 3215 1860 3314 sequi
1883 3235 2006 3289 novam
2032 3213 2215 3288 ordinatio·

696 3353 778 3406 nam
807 3333 927 3408 afferre
959 3336 1084 3432 posset
1134 3335 1220 3423 Sed,
1256 3343 1295 3408 ut
1322 3334 1573 3408 incrementum
1606 3354 1675 3409 non
1707 3359 1750 3410 er
1782 3342 1875 3410 veste
1905 3333 1968 3408 sed
2001 3353 2043 3407 er
2075 3354 2214 3432 corpere

696 3449 825 3538 oritur,
860 3452 908 3526 sic
935 3453 971 3526 in
999 3455 1220 3528 universitate
1247 3453 1294 3525 vis
1321 3443 1583 3550 progrediendi,
1613 3451 1787 3552 impulsus
1807 3453 1852 3528 ad
1874 3451 2124 3553 proficiendum
2146 3469 2212 3526 non

694 3567 906 3642 extrinsecus
928 3569 1148 3657 admovemur,
1173 3570 1235 3643 sed
1259 3569 1352 3642 intus
1374 3570 1408 3642 in
1431 3569 1506 3670 ipsa
1530 3569 1711 3670 disciplina
1741 3573 1807 3648 site
1832 3582 1895 3648 est.

699 3825 701 3832 ’
741 3804 936 3878 Dicendum
958 3825 1051 3881 nuuc
1075 3815 1127 3881 est
1152 3807 1196 3881 de
1219 3806 1344 3881 studiis
1368 3808 1562 3896 literarum,
1587 3809 1797 3910 quibuscum
1821 3810 1923 3898 olim,
1949 3819 1986 3885 et
2009 3811 2207 3886 etiamnunc

693 3924 787 4022 apud
813 3923 1014 4014 nonnullos,
1038 3926 1240 4025 disciplinae
1262 3927 1434 4002 naturales
1458 3927 1718 4026 copulabantur.
1770 3927 1915 4004 Dudum
1946 3930 2042 4027 apud
2066 3939 2129 4004 nes
2150 3927 2208 4004 itta

693 4044 827 4119 vincula
852 4043 964 4119 soluta
990 4055 1092 4135 sunt,
1127 4055 1166 4122 ut
1197 4047 1252 4120 vix
1277 4046 1451 4121 molestias
1474 4047 1567 4122 illius
1597 4047 1761 4147 temporis
1792 4049 2028 4137 recordemur,
2053 4059 2090 4122 et
2112 4067 2204 4124 auno

691 4163 728 4238 in
763 4183 826 4236 suo
857 4163 1004 4261 quisque
1037 4165 1147 4240 londo
1181 4165 1315 4265 positus
1343 4175 1381 4240 et
1409 4190 1508 4241 suarn
1539 4189 1610 4242 rena
1641 4188 1749 4267 agens
1780 4188 1904 4243 manus
1932 4187 2000 4242 non
2031 4188 2206 4243 conserere

689 4282 750 4358 sed
766 4281 880 4358 'arnice
902 4282 1044 4382 iungere
1068 4285 1250 4383 possimus.
1836 4293 1838 4298 ’

737 4403 827 4477 Ourn
866 4401 972 4476 latina
1007 4401 1126 4504 lingna
1152 4403 1351 4504 praesertim
1377 4404 1554 4482 botanicce
1584 4416 1619 4480 et
1645 4406 1819 4506 solilogiae
1848 4417 1946 4482 vetus
1976 4416 2030 4481 est
2058 4405 2204 4480 necessi

688 4522 774 4596 tudo
792 4519 948 4597 nondum
972 4523 1168 4600 intermissa
1217 4524 1297 4599 Non
1334 4531 1470 4598 tanturn
1508 4524 1598 4600 bona
1633 4545 1711 4624 pers
1740 4526 1906 4600 librorum
1937 4525 2021 4600 olim
2054 4525 2100 4600 de
2129 4531 2203 4598 arte

687 4639 858 4715 editorum
903 4641 1008 4716 latine
1053 4645 1178 4744 scripta
1211 4653 1285 4730 est,
1310 4643 1387 4718 ,sed
1424 4645 1640 4733 etiamnunc,
1679 4646 1862 4745 praecipue
1898 4645 1934 4718 in
1969 4642 2204 4742 deeeptus,

689 4758 791 4834 multi
834 4757 939 4833 latine
980 4761 1127 4837 scribere
1159 4773 1319 4862 pergunt.
1368 4761 1482 4839 Facile
1513 4765 1718 4864 intelligitur
1748 4785 1854 4862 quern
1883 4763 2035 4862 optabile
2067 4763 2133 4852 tit,
2166 4763 2203 4836 in
