4918 6174
907 677 1184 743 casato.
1756 675 1797 743 ta

325 889 395 962 Sed
423 891 476 962 sat
507 888 615 961 atteia
645 885 864 960 necessitudo
900 885 1093 982 botanicum
1127 887 1217 960 inter
1247 895 1284 964 et
1316 883 1542 972 medicinam,
1572 881 1707 982 ¹quippo
1735 880 1799 958 iila

278 986 450 1084 aaa'buno
476 1005 649 1106 praecedit
676 1015 712 1078 et
740 1012 930 1104 praeponat.
983 1006 1025 1078 In
1052 1004 1222 1104 pmeaenti
1251 1003 1426 1084 botaniccs
1457 1011 1551 1078 statu
1580 1003 1731 1080 multum
1757 1002 1797 1077 in

279 1127 342 1202 bac
373 1134 469 1227 parte
502 1126 632 1201 iactata
662 1124 834 1200 medicina
866 1134 929 1200 ast.
980 1125 1060 1198 Non
1096 1132 1233 1199 tantum
1267 1132 1306 1200 ut
1334 1132 1437 1200 antea
1470 1129 1621 1222 systema
1648 1130 1685 1196 at
1720 1145 1797 1222 spo·

278 1247 407 1323 mamm
429 1245 549 1321 aoileas
572 1245 748 1320 distinctio
772 1253 826 1318 est
845 1243 1061 1344 agragianas
1083 1245 1305 1321 tenuissimas
1328 1253 1427 1320 notua
1450 1244 1574 1318 acriter
1593 1239 1799 1318 observandi

280 1368 497 1456 annotatio,
521 1365 585 1441 ssd
611 1365 777 1440 natumiis
798 1361 982 1438 methodus
1005 1365 1070 1439 boc
1089 1365 1208 1452 addit,
1235 1374 1275 1439 ut
1297 1361 1512 1464 singularam
1535 1361 1686 1460 precam
1709 1371 1800 1438 recte

280 1487 490 1563 aestimetur.

329 1605 475 1682 Accedit
506 1605 695 1691 anatomia,
734 1603 946 1703 physiologia
987 1613 1022 1676 et
1057 1610 1108 1676 tot
1139 1602 1207 1678 alia
1242 1601 1450 1701 quibuscum
1486 1600 1713 1674 coniunctum
1743 1610 1800 1675 cst

283 1727 372 1801 vitae
397 1723 555 1800 animalis
583 1722 741 1796 studium
776 1730 811 1796 st
837 1722 941 1796 stiam
966 1721 1154 1820 organismi
1186 1722 1339 1798 humum.
1389 1721 1476 1796 Fare
1499 1720 1620 1794 eodem
1648 1729 1801 1819 tempore

283 1865 353 1944 quc
376 1843 529 1918 constitit
549 1839 710 1916 coibulam
734 1841 930 1940 plantarum
954 1842 1108 1916 omnium
1132 1865 1207 1916 essa
1229 1841 1488 1916 tundamentaie
1507 1861 1681 1939 capanea,
1704 1839 1797 1916 idem

281 1965 326 2040 da
350 1979 492 2062 corpote
522 1960 661 2036 animali
683 1969 901 2059 compertum
931 1969 1004 2048 eat,
1041 1973 1076 2036 at
1109 1961 1221 2036 mutto
1254 1960 1463 2036 intricatione
1497 1959 1734 2060 phaenomena
1765 1959 1802 2032 in

281 2081 432 2158 csiiuteri
462 2080 664 2188 animalium
692 2079 761 2154 vita
787 2081 916 2180 optimc
944 2082 1199 2183 perspiciuntur
1220 2080 1265 2157 ab
1292 2103 1335 2155 eo
1364 2081 1427 2180 qui
1457 2078 1568 2154 mutto
1598 2075 1804 2179 simpliciora

281 2211 317 2278 at
337 2202 383 2277 ad
409 2199 662 2276 observandum
686 2200 837 2275 faciliora
865 2202 1103 2301 phaenomena
1125 2203 1160 2278 in
1185 2203 1382 2303 plantarum
1402 2201 1538 2278 mitum
1560 2199 1768 2299 cognoverit.

327 2321 404 2401 Qui
426 2321 546 2420 primia
568 2320 719 2395 osmosin
738 2321 885 2420 reperit,
909 2322 1131 2399 acutissimus
1150 2323 1365 2411 Dutrochct‚
1389 2329 1425 2397 ct
1443 2321 1596 2398 ostendit
1618 2321 1707 2395 bano
1728 2341 1804 2394 asae

282 2461 420 2516 comam
447 2461 518 2538 qno
549 2437 681 2514 radices
713 2439 911 2537 piantarum
940 2439 1117 2514 humorem
1145 2439 1312 2541 recipiant
1336 2443 1372 2516 in
1403 2463 1497 2531 sese,
1531 2441 1625 2516 idam
1657 2439 1803 2514 eaodem

282 2563 371 2636 hano
392 2559 586 2656 analogiam
611 2559 695 2630 vidit
723 2557 849 2632 habere
869 2559 967 2634 vitica
991 2560 1235 2635 intestinorum
1256 2562 1294 2636 in
1316 2583 1456 2661 corpote
1477 2560 1690 2637 animalium.

229 2700 239 2726 ‘
332 2678 573 2778 Morpbologia
596 2678 791 2776 plantarum
818 2686 856 2751 at
885 2677 1041 2753 studium
1071 2679 1216 2755 unitatis
1241 2681 1277 2756 iu
1302 2681 1465 2756 summota
1496 2680 1646 2779 partium
1671 2679 1804 2778 planta·

282 2819 359 2876 rans
394 2798 484 2872 clara
516 2797 591 2871 tuoe
621 2792 794 2870 illuminat
819 2797 1083 2896 compamtivam
1109 2799 1318 2874 anatomiam
1336 2799 1487 2898 corporis
1509 2797 1677 2874 animatia.
1735 2797 1806 2888 Qui

284 2919 474 2995 doctrinam
494 2916 538 2990 da
555 2915 824 3014 metamorphosi
843 2917 1037 3014 plantarum
1056 2918 1092 2991 io
1115 2917 1228 2994 lucem
1252 2919 1432 3019 produxit,
1450 2925 1630 3019 poetaram
1644 2917 1805 3020 princeps

285 3037 441 3126 Gcethe,
465 3037 558 3113 idem
579 3033 748 3112 theoriam
768 3036 815 3110 dc
838 3032 1006 3112 vertebsia
1029 3037 1161 3138 pumm
1186 3041 1343 3116 omnium
1365 3039 1519 3140 pmtnlit.

331 3159 414 3233 Vita
444 3155 603 3231 animalis
634 3156 829 3254 plantarum
864 3155 952 3230 vitae
980 3156 1151 3234 innititur.
1203 3161 1304 3238 Quae
1328 3160 1487 3235 materies
1512 3160 1547 3233 in
1568 3181 1708 3259 corpore
1728 3160 1803 3236 ani·

285 3279 367 3355 mati
401 3277 636 3378 ropenontur,
674 3295 717 3349 ax
750 3275 878 3374 pinctis
911 3284 994 3350 sunt
1026 3276 1212 3353 oriundae:
1250 3279 1331 3355 illoc
1359 3281 1469 3379 prima
1498 3300 1615 3354 samm
1653 3278 1805 3377 ori'goa

285 3417 392 3498 regno
427 3393 632 3494 ancrganioo
665 3404 702 3468 et
736 3395 848 3494 prima
878 3395 1008 3472 mamae
1043 3398 1217 3473 conversio
1252 3399 1498 3498 perscrutanda
1534 3405 1605 3488 ast,
1640 3419 1732 3498 quaa
1767 3397 1803 3470 in

286 3541 425 3617 conpore
448 3517 588 3592 animali
608 3515 838 3590 continuatur.
890 3517 1134 3593 Phaenomcua
1158 3518 1301 3617 physica
1319 3528 1355 3594 et
1377 3518 1531 3594 chamica
1546 3519 1584 3592 in
1606 3517 1803 3619 plantarum

286 3637 485 3737 corporibus
508 3637 619 3734 prima
646 3643 746 3721 sunt,
780 3659 869 3734 quac
900 3635 935 3710 in
972 3661 1111 3736 corpore
1142 3638 1283 3715 animali
1309 3639 1488 3740 sequeutia
1512 3647 1594 3716 aunt
1616 3649 1652 3711 et
1675 3637 1804 3736 perico-

286 3757 372 3832 tiota
399 3757 436 3831 iu
463 3777 530 3830 una
554 3761 721 3854 perpetua
745 3755 1035 3832 concatenatione.
1831 3839 1837 3850 ,

335 3875 470 3956 Quanti
492 3875 661 3949 momenti
687 3882 741 3948 est
761 3875 795 3948 in
824 3875 894 3951 sita
920 3875 1028 3952 iutun'
1054 3878 1179 3954 medici
1197 3879 1287 3954 illud
1312 3887 1473 3978 tempos,
1498 3897 1628 3977 quum,
1653 3877 1805 3977 genotaii

288 4007 429 4072 naturae
449 3995 645 4096 cognitione
666 3995 878 4086 instructus,
910 4019 1034 4098 corpus
1059 3999 1252 4074 humanum
1272 3999 1396 4098 incipit
1415 3998 1451 4071 in
1475 4015 1556 4072 ausas
1578 4006 1694 4096 partes
1714 4017 1804 4070 reae·

289 4142 364 4192 care
398 4123 434 4190 ct
471 4115 559 4190 banc
594 4115 833 4190 admirabilem
866 4133 1067 4216 compagem
1103 4116 1314 4217 intelligere!
1373 4117 1623 4215 Contempians
1653 4137 1805 4214 eaquae

290 4235 536 4336 perfectissima
564 4235 720 4310 omnium
755 4242 868 4310 creata
900 4243 983 4311 sunt
1014 4246 1049 4310 et
1084 4261 1220 4312 summa
1250 4237 1334 4312 artie
1364 4235 1576 4336 problemata
1607 4236 1805 4327 continent,

288 4356 394 4430 sentit
426 4355 629 4456 gmsitatem
661 4364 699 4430 et
733 4355 946 4430 amotionem
980 4357 1089 4446 vitae,
1121 4364 1158 4431 ot
1180 4358 1318 4432 ammos
1341 4358 1417 4432 cius
1438 4356 1590 4457 agitatus
1612 4355 1679 4431 illis
1705 4355 1806 4430 moti-

286 4475 377 4564 bus,
404 4475 533 4575 quibua
554 4475 754 4550 adolescens
775 4476 812 4551 in
838 4476 950 4550 vinnm
978 4477 1186 4553 maturescit.
1785 4467 1788 4474 ’

339 4595 419 4670 Non
446 4603 500 4670 est
525 4595 688 4695 pontianus
718 4615 829 4692 quum
858 4595 894 4670 in
922 4597 1107 4672 sacrarium
1137 4597 1267 4672 introit.
1319 4595 1385 4670 Per
1413 4597 1593 4670 biennium
1618 4595 1811 4694 inpotenti

289 4723 434 4790 naturae
455 4735 577 4814 campo
602 4721 755 4788 vasatos
783 4711 863 4789 iecit
883 4716 1020 4790 iotanae
1043 4717 1126 4790 artis
1151 4715 1396 4802 tundamentm
1423 4715 1587 4791 admirari
1608 4723 1645 4790 ot
1667 4713 1813 4789 mosomi

206 4889 210 4896 .
284 4833 411 4908 atticis
442 4834 661 4909 inexhaustas
691 4832 829 4908 divitias
860 4841 897 4907 et
928 4833 1047 4932 magni
1075 4833 1224 4908 universi
1248 4832 1455 4908 iotanaecus
1474 4834 1712 4910 amcinentem
1736 4832 1813 4908 baa·

1623 4953 1673 5028 31
