4918 6174
674 675 719 744 10
1182 679 1222 746 G.
1257 679 1291 746 F.
1326 681 1366 746 R.
1397 680 1688 747 suuluuln

667 883 929 966 ouusuomo
950 909 1073 985 copone
1096 891 1232 986 pmeet,
1265 909 1338 984 quo
1365 887 1510 978 nulius,
1543 913 1616 988 quo
1647 887 1802 968 emuna
1835 895 1994 962 naturam
2022 882 2201 984 cognitam

667 1001 818 1094 liabent,
857 1029 898 1080 m
929 1005 1064 1094 ιιιιὶιιι,
1102 1029 1143 1080 ιο
1175 1006 1383 1104 praeclarius
1415 1008 1690 1082 emolumentum
1719 1031 1765 1082 ex
1790 1031 1833 1082 se
1856 1006 1923 1080 sibi
1947 1011 2201 1105 percepturum.

674 1123 748 1202 Qui
769 1123 861 1202 mnu
880 1125 951 1200 nisi
969 1131 1186 1225 poenatem
1212 1125 1398 1202 [culinum
1420 1127 1576 1225 quaerit,
1609 1126 1652 1201 iis
1678 1134 1861 1204 munem
1883 1149 1962 1202 (sse
1981 1123 2088 1200 deba
2111 1146 2201 1222 qne

673 1252 755 1317 ante
786 1244 893 1342 pedes
917 1251 953 1319 et
985 1245 1022 1318 in
1045 1267 1162 1320 retum
1194 1243 1376 1343 superficie
1409 1253 1491 1320 sunt
1517 1247 1649 1345 posits,
1673 1245 1736 1322 aed
1758 1245 1960 1344 quicunque
1982 1267 2125 1318 omnem
2149 1241 2201 1316 in·

671 1359 867 1458 configendi
892 1360 1046 1438 laborem
1070 1361 1251 1451 exhcusit,
1274 1363 1367 1440 eruit
1386 1363 1462 1440 illas
1478 1389 1620 1464 quoque
1641 1390 1747 1465 opes,
1771 1391 1863 1466 quae
1883 1366 1920 1440 in
1944 1365 2068 1442 ultimo
2090 1363 2202 1438 fundo

669 1480 831 1556 mcum
855 1481 1022 1558 hubent

717 1600 760 1676 ei
791 1600 883 1676 nihil
916 1601 1014 1677 eliud
1054 1626 1164 1700 quum
1198 1601 1237 1676 id
1271 1627 1315 1678 nn
1349 1627 1419 1701 quo
1453 1628 1617 1702 praesens
1650 1605 1780 1680 ulidus
1812 1613 1968 1704 spemtur
2004 1601 2201 1701 quesitum

591 1744 595 1750 ·
671 1719 814 1808 iuducet,
849 1721 1001 1810 multae,
1034 1721 1107 1798 imo
1140 1723 1325 1822 plerunque
1355 1723 1638 1823 investigationes
1671 1732 1708 1798 st
1736 1724 1990 1823 explorationes
2018 1743 2200 1820 nunquam

667 1839 820 1916 imitant
843 1841 1036 1920 institutes.
1087 1842 1274 1918 Institutas
1297 1849 1380 1920 sunt
1413 1852 1455 1918 ut
1476 1844 1552 1943 ipsa
1582 1844 1783 1944 disciplinae
1814 1842 1965 1944 cognitio
1996 1849 2069 1918 tote
2095 1849 2132 1913 et
2155 1837 2199 1914 sb

665 1959 887 2058 nmnipnrte
910 1959 1071 2036 obsolute
1097 1960 1196 2036 foret
1244 1961 1318 2037 Sed
1345 1970 1484 2061 propter
1507 1964 1594 2038 illud
1618 1964 1735 2064 ipsum
1761 1964 1881 2063 (idque
1903 1961 1988 2038 sade
2012 1961 2081 2036 dici
2100 1966 2137 2034 et
2162 1958 2201 2032 in

665 2077 759 2154 dam
785 2077 863 2156 ime
889 2079 1049 2156 collocari
1072 2105 1144 2156 nun
1166 2087 1296 2182 potest)
1321 2091 1460 2182 propter
1491 2083 1581 2160 hene
1609 2084 1721 2184 ὶριιιιι
1746 2083 1792 2160 nb
1815 2082 1910 2160 omni
1938 2088 2036 2181 ponte
2063 2078 2199 2156 absolu-

664 2202 738 2274 tem
769 2204 806 2274 ot
833 2209 1114 2276 consummatam
1152 2201 1331 2280 scientiam
1367 2211 1449 2278 nuta
1475 2211 1561 2278 aunt
1589 2205 1651 2280 illa
1671 2204 1853 2280 commoda
1883 2209 1920 2276 et
1946 2202 2200 2286 emolumenta,

664 2314 796 2413 quibus
818 2341 912 2394 nunc
935 2318 1079 2417 genens
1101 2318 1249 2396 humaui
1273 2320 1420 2396 mulctas
1445 2321 1576 2420 gaudet
1596 2348 1640 2398 oc
1664 2323 1801 2400 frudtut.

714 2556 836 2633 Quum
869 2555 1044 2630 notissimi
1073 2554 1137 2630 viri
1170 2556 1363 2655 Mupigui,
1397 2561 1500 2632 Grau
1520 2567 1558 2632 at
1581 2559 1845 2633 Ieeuwenhoek
1878 2565 2029 2633 noune
2063 2554 2197 2630 meculo

663 2674 801 2750 decimo
827 2675 998 2774 septimo,
1024 2674 1161 2772 plantas
1187 2674 1487 2751 observationibus
1507 2678 1759 2776 micronoopicis
1787 2676 1959 2752 subiicere
1987 2674 2198 2772 coepissent,

665 2793 819 2893 prolecto
840 2793 879 2869 id
900 2795 1081 2881 imorum,
1113 2792 1196 2892 quic
1218 2793 1308 2868 hanc
1334 2793 1511 2870 minutiem
1534 2797 1579 2870 ob
1611 2821 1648 2871 se
1670 2797 1782 2896 speum
1805 2796 1980 2872 emebant.
2029 2793 2106 2892 Ipsi
2136 2791 2197 2866 bu·

665 2912 800 2990 laniem
820 2911 982 2988 scientiae
1003 2912 1084 2990 illue
1103 2913 1357 3012 explorationes
1378 2924 1453 2989 tom
1474 2940 1598 3014 pssum
1621 2917 1817 2992 lrucusoaee
1839 2916 1911 2991 lore
1933 2913 2140 2989 videbantur
2157 2917 2197 2984 ut

501 3079 508 3092 ·
666 3032 736 3132 ipsi
769 3033 926 3109 Limnaeo
958 3032 1009 3108 nil
1039 3033 1110 3108 nisi
1141 3032 1253 3110 dium
1281 3034 1330 3109 sio
1356 3033 1508 3108 iucunde
1533 3035 1649 3112 fallace
1674 3036 1896 3136 putabuntur.
1945 3035 2018 3108 Sed
2044 3057 2099 3106 res
2122 3031 2199 3129 ipn

664 3153 806 3242 doeut,
829 3153 954 3228 iisdem
986 3151 1284 3251 explorationibus
1320 3153 1384 3230 hcc
1415 3154 1619 3252 praesertim
1651 3157 1787 3231 swoulo
1817 3156 1942 3232 sordet
1969 3150 2197 3237 conducatis,

664 3296 737 3350 non
766 3281 906 3350 tantum
939 3272 1059 3372 magni
1096 3273 1264 3348 momenti
1287 3281 1443 3371 partam,
1479 3273 1541 3347 sed
1566 3275 1668 3373 plana
1704 3275 1931 3350 necessariam
1955 3280 2090 3372 portem
2110 3267 2195 3362 ends

665 3393 727 3468 illa
761 3391 818 3467 via
849 3417 926 3468 esse
962 3389 1183 3490 petulantem.
1241 3389 1380 3469 Deinde
1424 3393 1516 3470 intes
1559 3419 1680 3469 omnes
1717 3394 1891 3482 conditis,
1936 3393 2024 3468 illud
2058 3391 2196 3489 ipsum,

665 3511 810 3612 perinde
853 3535 893 3586 ac
934 3511 1130 3600 chemiam‚
1182 3511 1415 3588 centesimum
1462 3537 1537 3588 eme
1578 3515 1828 3589 adminiculum
1868 3513 1916 3588 ad
1961 3512 2051 3586 vitae
2092 3531 2196 3583 usum

663 3631 703 3706 in
737 3629 965 3729 agnoscendis
1010 3637 1045 3704 et
1089 3628 1322 3704 diiudicandis
1364 3631 1469 3706 rebus
1511 3657 1556 3708 ex
1600 3643 1722 3708 nature
1766 3633 1947 3732 organica,
1988 3629 2118 3728 quibus
2153 3625 2198 3700 ad
2233 3727 2236 3730 Ι

667 3749 910 3841 ammodum,
951 3749 997 3824 ad
1037 3748 1287 3838 nutriendum,
1328 3750 1374 3824 ad
1411 3751 1624 3826 medendum
1658 3763 1696 3826 et
1735 3753 1781 3826 ad
1816 3751 1905 3849 quid
1941 3773 2033 3837 non,
2077 3769 2198 3821 omnes

671 3871 817 3946 utimur.

713 3987 927 4069 Quindecim
959 3987 1046 4062 anni
1080 3994 1163 4062 sunt
1187 4011 1233 4060 ex
1259 4011 1332 4085 quo
1352 3989 1480 4062 emditi
1504 3989 1648 4087 quidam
1672 3992 1735 4065 visi
1765 3992 1801 4064 iu
1832 3989 2012 4063 Biitannin
2044 3985 2195 4060 &versas

669 4133 823 4196 merces,
861 4113 902 4182 ut
933 4107 1125 4194 alimenta,
1164 4114 1340 4194 aromata,
1378 4107 1660 4198 medicamenta,
1699 4109 1863 4184 chemicis
1897 4107 1959 4182 sed
1995 4104 2196 4206 praesertim

669 4227 923 4326 microsoopicis
943 4224 1242 4302 observetiouibus
1267 4225 1473 4302 submittere
1492 4237 1702 4328 coeperunt,
1727 4253 1797 4327 quo
1824 4227 1915 4302 lacto
1936 4230 2196 4325 comperenmt,

670 4347 783 4422 multa
808 4345 930 4421 alienis
952 4344 1118 4419 admixtis
1142 4344 1192 4418 ita
1216 4369 1290 4418 esse
1319 4345 1532 4433 adulterata,
1570 4355 1609 4420 ut
1637 4347 1731 4421 fraus
1762 4371 1831 4420 uon
1863 4346 1962 4420 aliter
1995 4352 2110 4442 posset
2136 4339 2197 4413 de·

671 4467 852 4568 prehendi.
891 4467 1139 4564 Quemquam,
1163 4471 1204 4540 ut
1226 4467 1399 4562 expectari
1421 4472 1575 4561 poterut,
1601 4490 1622 4538 c
1645 4465 1802 4562 plurimis
1821 4464 1983 4562 impediti
2001 4469 2041 4535 et
2062 4458 2198 4544 uexati,

671 4613 736 4687 per
768 4589 886 4687 plures
913 4611 1025 4662 annos
1057 4609 1113 4660 res
1139 4611 1160 4660 c
1188 4608 1226 4659 se
1249 4582 1482 4680 deprehensas
1510 4582 1547 4656 in
1572 4584 1732 4658 omnium
1760 4583 1918 4658 nondam
1947 4580 2100 4679 proferro
2128 4599 2198 4650 non

672 4707 903 4795 destiterunt,
929 4714 965 4781 et
989 4703 1133 4781 tandem
1159 4703 1451 4802 imputaverunt,
1480 4709 1521 4776 ut
1544 4701 1682 4800 publice
1710 4704 1811 4778 certis
1832 4700 2032 4774 hominibus
2056 4687 2199 4772 daretiu

670 4825 853 4927 nogotium
890 4823 928 4898 in
964 4847 1042 4898 cam
1081 4847 1155 4898 rem
1192 4819 1402 4918 inquirendi
1461 4817 1605 4900 Quibus
1638 4819 1676 4894 id
1712 4820 1914 4894 mandatum
1951 4825 2004 4892 est
2044 4815 2200 4914 primum
