4864 6180
843 679 1121 746 ORATIO.
1678 677 1741 744 10⁶

210 887 380 986 porariam
421 888 574 962 muneris
606 888 818 963 vacationem
855 897 1033 989 tamquam
1066 885 1258 962 remedium
1286 883 1482 984 postulavit.
1533 883 1739 961 (laudemus

209 1015 327 1081 autem
358 1006 402 1080 de
437 1006 568 1082 viribus
603 1009 731 1082 sensim
766 1009 829 1083 tibi
867 1010 1117 1097 redeuntibus,
1153 1017 1257 1106 atque
1284 1004 1379 1079 brevi
1402 1004 1588 1080 revalescas
1610 1012 1646 1078 et
1667 1005 1739 1081 otio

209 1125 383 1214 libereris,
410 1127 515 1201 etiam
542 1129 740 1203 academiae
765 1139 899 1218 causa,
918 1130 1135 1205 vehementer
1158 1137 1330 1226 optamus.

259 1247 443 1343 Ingratum
475 1245 563 1319 foret
601 1255 680 1320 tuas
718 1246 839 1321 laudes
856 1305 860 1314 .
876 1271 945 1320 non
980 1247 1195 1346 praedicare,
1227 1244 1481 1320 consultissimo
1501 1245 1652 1335 Riimer,
1676 1247 1739 1347 qni

209 1372 305 1440 tanta
335 1365 594 1453 benevmentia,
628 1365 841 1464 suffragante
872 1378 1067 1442 curatorum
1092 1364 1254 1464 collegio,
1278 1363 1464 1462 graphiarii
1484 1375 1598 1462 partes
1621 1391 1735 1442 susce·

208 1485 302 1585 pisti.
345 1484 455 1573 Quis,
481 1510 629 1583 quaeso,
667 1486 766 1561 nobis
794 1487 964 1585 acceptior
989 1487 1139 1561 fuisset?
1174 1485 1289 1559 Musis
1312 1484 1489 1571 excultus,
1515 1486 1640 1584 flagras
1661 1488 1736 1561 lite·

208 1629 344 1692 rarum,
381 1605 683 1703 doctrinarumque
718 1631 851 1693 amore,
889 1607 969 1680 huic
1007 1605 1214 1679 Academiae
1248 1611 1344 1677 totus
1378 1603 1548 1679 addictus.
1612 1606 1737 1706 Itaque

211 1725 320 1812 salve,
356 1725 407 1796 vir
443 1722 709 1812 humanissime,
749 1727 811 1800 sed
853 1751 951 1822 spera
990 1726 1190 1813 nobiseum,
1228 1731 1268 1797 ut
1305 1724 1490 1798 necessitas
1527 1727 1647 1802 auxilii
1685 1728 1738 1802 tui

210 1867 315 1942 quam
341 1842 507 1918 citissime
533 1845 681 1920 tollatur.

258 2085 302 2157 In
342 2094 492 2158 vestrum
527 2084 683 2159 ordinem
721 2086 839 2159 oculos
878 2094 1102 2172 convertens,
1137 2084 1286 2182 collegae
1315 2084 1606 2174 coniunctissimi,
1639 2094 1738 2186 grato

209 2201 324 2275 animo
362 2200 568 2274 valetudinis
600 2201 837 2299 integritatem
874 2229 996 2290 cerno,
1034 2227 1104 2301 que
1139 2203 1291 2277 muneris
1326 2203 1437 2278 officia
1471 2205 1640 2282 industrie
1671 2207 1737 2284 im·

209 2319 320 2419 pletis.
372 2321 493 2408 Solus,
529 2321 638 2407 eheu,
678 2321 882 2408 malaeus,
908 2323 1085 2396 Gerardus
1112 2322 1260 2395 Ioannes
1280 2347 1421 2422 nempe,
1443 2324 1607 2422 gravioris
1627 2327 1740 2401 morbi

208 2464 312 2514 causa
346 2440 455 2514 abest.
520 2441 606 2513 lnde
641 2465 661 2513 a
697 2465 814 2514 mense
854 2442 1054 2540 Septembri
1088 2441 1179 2514 cives
1211 2442 1411 2516 Academici
1444 2453 1629 2518 caruerunt
1664 2446 1741 2521 eiua

207 2560 438 2634 institutione.
494 2563 637 2639 Quanto
672 2560 822 2648 damno,
852 2563 1012 2635 novimus
1046 2586 1176 2636 omnes.
1230 2561 1415 2659 Speremus
1450 2563 1558 2661 igitur
1584 2563 1674 2652 lore,
1702 2572 1741 2640 ut

209 2681 393 2755 sanitatem
426 2705 505 2754 mox
535 2689 711 2779 recuperet
746 2681 877 2780 collega
913 2680 1249 2768 aestumatissimus,
1284 2682 1452 2780 novisque
1481 2684 1581 2780 quasi
1611 2684 1741 2760 viribus

210 2800 374 2875 lectiones
402 2807 437 2873 et
460 2800 700 2898 indagationes
726 2825 808 2873 suas
832 2800 1146 2898 praestantissimas
1170 2801 1349 2874 instauret.

258 2919 417 2994 Gratiam
454 2918 623 2992 debemus
661 2943 741 2994 cum
782 2921 946 2995 Eduardo
983 2921 1143 3016 Mulder,
1182 2920 1254 2992 uiro
1287 2917 1496 3007 clarissimo,
1530 2928 1606 2996 tum
1637 2922 1743 2999 etiam

212 3037 410 3112 doctissimo
433 3039 627 3126 Reinecke‚
654 3039 870 3136 peritissimis
896 3040 931 3113 in
957 3040 1161 3115 laboratorio
1184 3037 1338 3113 chemico
1361 3041 1571 3136 aegrotantis
1592 3043 1743 3142 collegae

212 3157 449 3245 adiutoribus,
484 3183 546 3257 pro
583 3159 772 3247 industria,
809 3186 878 3259 qua
912 3161 1036 3236 scholis
1073 3158 1243 3235 habendis
1265 3158 1439 3232 studiosae
1464 3160 1638 3234 iuventuti
1663 3186 1740 3259 pro·

211 3279 329 3367 desse,
370 3281 566 3380 summique
608 3279 765 3379 magistri
807 3281 1038 3370 desiderium,
1079 3281 1195 3378 quoad
1234 3278 1309 3351 eius
1349 3276 1424 3350 ficri
1457 3288 1592 3376 posset,
1630 3281 1741 3356 levare

211 3401 323 3474 conati
350 3409 442 3474 sunt.

260 3639 331 3727 Te,
377 3640 567 3715 clarissime
603 3640 747 3727 Millies,
786 3665 854 3715 uon
890 3641 994 3714 modo
1029 3649 1265 3737 praesentem,
1303 3639 1364 3713 sed
1398 3639 1501 3714 etiam
1539 3664 1661 3714 sanum
1703 3650 1739 3718 et

212 3769 371 3857 vegetum
398 3760 567 3848 salutare,
603 3785 728 3860 magua
754 3762 853 3835 nobis
880 3761 1009 3835 laetitia
1032 3771 1094 3834 est.
1147 3760 1277 3834 Haeret
1305 3759 1341 3833 in
1367 3760 1491 3833 animis
1516 3762 1641 3835 nostris
1666 3787 1737 3836 me·

212 3879 337 3967 moria,
363 3878 481 3953 haeret
503 3880 538 3953 in
563 3882 670 3955 oculis
697 3883 813 3979 imago
840 3881 947 3955 tristis
973 3879 1178 3979 spectaculi,
1204 3902 1317 3977 quum
1341 3879 1531 3953 aestuantis
1559 3880 1739 3979 sanguinis

211 3997 348 4085 fluxus,
381 4000 552 4097 quidquid
588 4002 775 4089 molireris,
812 4002 941 4074 flumen
974 4001 1137 4075 orationis
1166 3998 1368 4096 impediret,
1402 4023 1472 4096 qua
1494 3999 1736 4097 magistratum
1817 4019 1822 4030 '

212 4118 447 4192 academicum
470 4121 690 4218 depositurus
717 4121 914 4195 auditorum
944 4121 1203 4194 admirationem
1235 4141 1371 4222 mouere
1396 4118 1582 4215 inceperas.
1632 4121 1738 4195 Gravi

212 4237 334 4311 morbo
373 4239 498 4313 deinde
536 4250 713 4340 correptus
746 4267 888 4339 magnas
926 4242 1144 4314 difficultates
1179 4237 1311 4311 fortiter
1346 4237 1538 4335 pertulisti,
1573 4241 1737 4338 quodque

212 4358 269 4431 rix
303 4359 486 4457 cogitabile
523 4361 714 4436 habebatur
747 4363 877 4435 evenit:
914 4388 936 4435 a
968 4361 1086 4433 limine
1122 4358 1241 4432 mortis
1276 4357 1321 4430 ad
1358 4358 1464 4440 vitam
1488 4383 1651 4433 reversus
1685 4384 1734 4435 es.

210 4478 294 4554 Qua
324 4479 466 4576 quidem
505 4479 539 4552 in
576 4505 712 4555 summa
737 4481 877 4554 demum
904 4488 1080 4554 senectute
1105 4478 1236 4575 placide
1264 4477 1385 4562 cedas,
1416 4478 1519 4550 etad
1547 4477 1734 4554 terminum

209 4619 324 4695 usque
350 4599 460 4674 valere
485 4603 624 4698 pergas!
953 4697 956 4704 .

262 4715 379 4790 Unum
415 4727 549 4794 tantum
570 4745 606 4816 e
630 4719 900 4806 Professoribus,
927 4719 1077 4817 quodam
1102 4740 1222 4803 sensu,
1248 4715 1437 4790 amisimus.
1488 4716 1631 4814 Atque
1655 4721 1731 4792 tan·

209 4835 291 4910 dem
320 4838 471 4914 rational
509 4841 704 4914 Richardus
730 4866 792 4915 van
818 4841 927 4928 Rees,
953 4863 1058 4938 quem
1083 4845 1299 4936 praesentem
1327 4834 1560 4935 adspicimus,
1584 4845 1620 4912 et
1646 4837 1735 4914 valet

980 4967 984 4976 ⁴
1521 4961 1567 5030 14
1814 4954 1818 4962 ’
