4918 6174
696 597 739 676 230
1199 599 1238 665 G.
1274 601 1306 665 F.
1343 601 1380 664 ll.
1416 597 1704 666 SUlllNGlll

698 806 869 895 monium,
908 805 1028 880 didicit
1052 807 1213 882 fiduciam
1235 829 1361 906 ponere
1392 806 1425 880 in
1460 807 1596 906 legibus
1626 814 1768 882 naturae
1789 806 1918 904 quibus
1943 811 2105 882 constans
2131 805 2218 880 ordo

636 1016 642 1027 ι
698 925 848 1003 universi
874 935 1032 1025 apparet,
1069 925 1191 1002 didicit
1222 925 1426 1002 modestiam
1459 934 1495 1000 et
1523 926 1724 1026 patientiam
1756 925 1920 1000 adversm
1943 932 1995 999 tot
2018 923 2214 1024 aenigmata

696 1045 853 1120 nondum
879 1045 1010 1132 soluta,
1046 1044 1106 1118 sad
1139 1045 1244 1120 simul
1274 1043 1400 1120 sumsit
1432 1045 1660 1120 constantiam
1689 1052 1724 1118 et
1753 1044 2037 1144 perseverantiam
2058 1068 2100 1120 ex
2123 1053 2217 1122 cerlo

697 1173 732 1238 et
759 1164 931 1262 aequabili
950 1163 1224 1264 investigationis
1246 1188 1448 1264 progressu,
1475 1190 1565 1264 quae
1590 1188 1706 1240 severa
1727 1162 1889 1238 methodo
1911 1164 2111 1238 continuata
2134 1186 2216 1238 eum

695 1284 739 1360 ad
761 1283 924 1358 solvenda
949 1282 1145 1382 aenigmata
1172 1282 1255 1358 facit
1279 1285 1494 1382 paratiorem.
1547 1285 1677 1360 Suaves
1699 1283 1869 1382 imagines
1888 1292 1923 1358 et
1945 1283 2080 1358 lucidae
2106 1283 2214 1358 notio·

693 1427 756 1476 nes
789 1403 826 1476 in
859 1402 971 1502 ipsius
1006 1410 1120 1476 mente
1152 1402 1339 1502 impressae
1374 1413 1475 1491 sunt,
1516 1429 1605 1502 quae
1639 1403 1781 1503 posthac
1816 1427 1958 1503 aegrum
1991 1403 2146 1478 animum
2181 1395 2221 1478 et

695 1521 914 1597 dubitantem
944 1521 1148 1596 solabantur
1171 1532 1206 1596 et
1230 1523 1493 1599 confirmabunt.

744 1644 827 1716 Non
854 1651 1000 1741 possunt
1034 1643 1126 1718 enim
1166 1644 1403 1743 aegritudines
1440 1643 1548 1719 animi
1575 1654 1610 1718 et
1635 1643 1874 1718 dubitationes
1910 1641 2041 1716 abesse.
2105 1641 2217 1740 Magis

696 1771 881 1860 penetrans
907 1762 951 1836 ab
981 1763 1078 1838 omni
1102 1771 1200 1863 parte
1228 1763 1345 1850 inid,
1373 1763 1408 1836 in
1439 1763 1534 1862 quod
1556 1763 1669 1838 omnis
1691 1761 1766 1836 eius
1793 1759 1964 1836 industria
1988 1759 2123 1836 intanta
2145 1766 2216 1846 est,

696 1879 808 1956 multa
839 1889 875 1955 et
908 1882 1080 1980 praeclara
1114 1881 1227 1969 videt,
1260 1880 1432 1958 indelessa
1466 1881 1643 1957 hominum
1678 1879 1955 1956 acutissimorum
1983 1879 2213 1956 industriain

696 2023 808 2074 unum
835 2001 992 2091 collecta,
1029 2003 1091 2076 sed
1121 2002 1224 2078 simul
1249 2001 1510 2090 animadvertit,
1536 2011 1706 2100 qnantum
1732 1998 1904 2073 humanae
1929 1990 2092 2074 scientias
2117 1999 2213 2077 desit.

696 2119 744 2192 Et
766 2129 949 2221 postquam
976 2123 1021 2196 ad
1047 2123 1155 2222 ipsam
1187 2121 1307 2222 praxin
1327 2121 1500 2210 accessit,
1534 2131 1610 2196 tum
1640 2145 1718 2196 varo
1747 2118 1985 2194 intellecturus
2008 2127 2081 2207 est,
2109 2143 2214 2218 quan·

696 2237 825 2312 tumvis
860 2262 983 2337 operae
1018 2240 1169 2338 positum
1197 2240 1241 2313 sit
1263 2247 1304 2312 ut
1330 2237 1404 2314 basi
1440 2239 1659 2314 scientiarum
1693 2237 1902 2313 naturalium
1928 2238 2104 2314 excelsum
2126 2239 2215 2314 aedi·

695 2358 813 2432 licium
848 2365 1161 2458 superstrueretur‚
1205 2358 1360 2432 nondum
1396 2367 1512 2432 tamen
1548 2359 1655 2434 fulcra
1694 2358 1775 2434 hine
1801 2359 1910 2458 petita
1947 2357 2055 2434 solide
2100 2358 2214 2434 fulcire

696 2484 845 2565 tectum,
870 2478 937 2552 sub
965 2503 1035 2577 quo
1058 2487 1174 2554 tutum
1198 2479 1332 2577 quaerit
1351 2477 1553 2578 coniugium
1579 2503 1683 2578 aegra
1703 2491 1738 2552 et
1760 2476 1886 2552 afflicta
1909 2477 2119 2556 humanitas.

745 2596 840 2670 Dum
865 2596 914 2671 sic
941 2596 1070 2671 dubius
1095 2598 1202 2672 animi
1222 2597 1371 2696 pendet,
1396 2596 1592 2671 modestum
1619 2621 1693 2670 esse
1718 2620 1856 2671 necesse
1883 2603 1937 2670 est
1957 2608 1993 2669 et
2023 2621 2087 2670 suo
2108 2597 2216 2696 pretio

696 2717 876 2791 aestimare
896 2714 933 2788 id
962 2717 1057 2814 quod
1087 2716 1241 2790 nondum
1272 2740 1328 2790 ars
1359 2740 1400 2788 ex
1429 2715 1665 2814 penetralibus
1688 2715 1918 2815 experientiae
1942 2716 2152 2814 expromsit,
2181 2725 2216 2790 et

693 2835 800 2910 simul
823 2835 1060 2910 inconcussam
1084 2835 1247 2910 fiduciam
1271 2835 1396 2909 babere
1421 2835 1566 2932 positam
1594 2835 1629 2908 in
1654 2833 1837 2920 methodo,
1861 2858 1904 2908 ex
1927 2858 1997 2932 qua
2025 2834 2097 2908 sola
2120 2858 2212 2932 prae·

697 2954 854 3030 sentibus
891 2955 998 3054 copiis
1039 2955 1169 3052 optime
1212 2979 1338 3028 usurus
1378 2955 1446 3043 sit,
1491 2965 1527 3027 et
1563 2979 1651 3051 quae
1691 2954 1773 3028 olim
1817 2954 1989 3053 quidquid
2028 2953 2128 3028 debet
2164 2962 2216 3028 est

697 3079 907 3176 suppletura.

744 3196 859 3270 Etiam
885 3194 989 3269 huius
1012 3195 1132 3270 eadem
1155 3195 1243 3270 ratio
1263 3205 1315 3270 est
1336 3220 1425 3294 quae
1444 3195 1601 3270 omnium
1625 3195 1753 3268 artium
1776 3194 1822 3269 ad
1844 3218 1946 3270 usum
1967 3196 2064 3270 vitae.
2097 3195 2214 3268 Morae

697 3314 909 3413 impatientia
941 3313 1029 3388 nibil
1057 3315 1150 3414 agit,
1186 3313 1272 3388 nihil
1298 3314 1423 3413 cupide
1454 3314 1567 3388 venari
1593 3339 1680 3388 nova
1704 3314 1853 3388 inventa.
1906 3315 1977 3388 Suo
2010 3313 2158 3388 naturali
2178 3321 2214 3384 ct

696 3432 870 3531 aequabili
891 3457 1073 3531 progressu
1097 3459 1153 3508 ars
1179 3432 1355 3508 fructuum
1384 3431 1574 3508 ubertatem
1595 3432 1753 3530 proferet.

747 3667 949 3741 Deserimns
970 3667 1040 3743 iam
1065 3670 1148 3744 artis
1171 3670 1416 3769 applicationes
1438 3680 1474 3743 et
1498 3670 1713 3770 ingredimur
1738 3695 1878 3770 campos
1904 3693 2066 3746 amoenos
2087 3668 2211 3742 artium

661 3771 665 3782 ’
698 3786 908 3861 naturalium
943 3811 1032 3885 qnae
1061 3787 1107 3861 ob
1140 3795 1248 3864 semet
1280 3790 1372 3888 ipsas
1408 3789 1579 3888 expetitae
1613 3788 1783 3864 coluntur.
1835 3789 1959 3864 Studia
1989 3788 2074 3864 artis
2108 3810 2210 3886 quam

698 3905 734 3980 in
770 3906 840 3982 vita
872 3906 1045 3980 exercebis
1075 3907 1150 3980 iure
1181 3907 1354 4006 praecedit
1385 3907 1544 4008 generale
1566 3917 1709 3982 naturae
1739 3909 1774 3982 in
1802 3907 1899 3983 omni
1922 3915 2019 4006 parte
2044 3907 2209 3981 studium.

700 4027 747 4098 Ut
772 4049 903 4100 sorores
923 4026 1126 4102 coniunctae
1146 4051 1266 4102 omncs
1290 4027 1506 4102 simulantes
1530 4033 1611 4100 sunt
1639 4028 1882 4126 propaedeusis
1905 4028 2131 4126 singularum.

697 4329 700 4334 .
747 4261 827 4336 Non
848 4263 1059 4362 poenitebit,
1083 4288 1200 4364 spero,
1221 4266 1400 4364 physicum
1425 4275 1486 4341 aut
1510 4275 1745 4340 astronomum
1764 4265 2005 4342 deambulasse
2026 4266 2211 4366 aliquando

696 4383 731 4456 in
761 4381 915 4456 amoenis
949 4383 1069 4458 Florae
1104 4382 1221 4457 hortis.
1275 4383 1477 4458 Praesertim
1514 4408 1556 4458 ex
1593 4407 1663 4480 quo
1694 4381 1872 4456 botanicae
1902 4385 1985 4459 artis
2019 4383 2214 4458 condatur

697 4501 841 4600 pristina
866 4501 1038 4590 delinitio,
1067 4509 1106 4575 ut
1135 4502 1180 4576 sit
1203 4501 1262 4576 illa
1286 4502 1467 4601 disciplina
1519 4500 1651 4574 nCuius
1681 4525 1745 4598 ope
1775 4499 1971 4578 felicissime
2000 4513 2036 4578 et
2071 4503 2214 4578 minimo

698 4621 836 4718 negotio
868 4621 1007 4720 plantae
1042 4629 1299 4721 cognoscuntur
1328 4632 1363 4696 et
1395 4621 1430 4696 in
1462 4621 1626 4695 memoria
1655 4620 1886 4708 retinentur;”
1911 4631 1946 4696 ct
1971 4647 2013 4696 ex
2047 4645 2118 4720 quo
2146 4645 2214 4696 nou

699 4737 824 4812 dicitur
853 4739 1016 4834 amplius:
1053 4764 1145 4837 aquo
1173 4739 1313 4838 plures''
1344 4741 1406 4814 sed
1441 4765 1532 4838 aquo
1562 4738 1687 4814 melius
1720 4740 1798 4838 quis
1827 4741 1957 4816 navent
1984 4741 2145 4839 plantas,
2177 4763 2217 4814 eo
