<?xml version="1.0" encoding="UTF-8"?>
<!DOCTYPE html PUBLIC "-//W3C//DTD XHTML 1.0 Transitional//EN"
    "http://www.w3.org/TR/xhtml1/DTD/xhtml1-transitional.dtd">
<html xmlns="http://www.w3.org/1999/xhtml" xml:lang="en" lang="en">
 <head>
  <title>
</title>
<meta http-equiv="Content-Type" content="text/html;charset=utf-8" />
  <meta name='ocr-system' content='tesseract 3.04.00' />
  <meta name='ocr-capabilities' content='ocr_page ocr_carea ocr_par ocr_line ocrx_word'/>
</head>
<body>
  <div class='ocr_page' id='page_1' title='image "annalesacademic11unkngoog_0100.png"; bbox 0 0 4864 6180; ppageno 0'>
   <div class='ocr_carea' id='block_1_1' title="bbox 818 727 1743 795">
    <p class='ocr_par' dir='ltr' id='par_1_1' title="bbox 818 727 1743 795">
     <span class='ocr_line' id='line_1_1' title="bbox 818 727 1743 795; baseline -0.001 0"><span class='ocrx_word' id='word_1_1' title='bbox 818 727 1113 795; x_wconf 68' lang='lat' dir='ltr'><strong>untrto.</strong></span> <span class='ocrx_word' id='word_1_2' title='bbox 1701 727 1743 794; x_wconf 82' lang='grc'><strong>89</strong></span> 
     </span>
    </p>
   </div>
   <div class='ocr_carea' id='block_1_2' title="bbox 217 933 1742 1277">
    <p class='ocr_par' dir='ltr' id='par_1_2' title="bbox 217 933 1742 1277">
     <span class='ocr_line' id='line_1_2' title="bbox 218 933 1742 1036; baseline -0.001 -24"><span class='ocrx_word' id='word_1_3' title='bbox 218 935 420 1036; x_wconf 87' lang='lat' dir='ltr'><strong>praeterito,</strong></span> <span class='ocrx_word' id='word_1_4' title='bbox 448 934 711 1010; x_wconf 80' lang='lat' dir='ltr'><strong>laboratorium</strong></span> <span class='ocrx_word' id='word_1_5' title='bbox 734 936 1006 1036; x_wconf 80' lang='lat' dir='ltr'><strong>physiologicum</strong></span> <span class='ocrx_word' id='word_1_6' title='bbox 1029 935 1207 1033; x_wconf 89' lang='lat' dir='ltr'><strong>apparuit;</strong></span> <span class='ocrx_word' id='word_1_7' title='bbox 1233 940 1311 1033; x_wconf 90' lang='lat' dir='ltr'><strong>post</strong></span> <span class='ocrx_word' id='word_1_8' title='bbox 1332 934 1466 1010; x_wconf 83' lang='lat' dir='ltr'><strong>dolores</strong></span> <span class='ocrx_word' id='word_1_9' title='bbox 1489 933 1742 1034; x_wconf 77' lang='lat' dir='ltr'><strong>praesagientes</strong></span> 
     </span>
     <span class='ocr_line' id='line_1_3' title="bbox 217 1053 1740 1157; baseline -0.003 -25"><span class='ocrx_word' id='word_1_10' title='bbox 217 1065 252 1132; x_wconf 91' lang='lat' dir='ltr'><strong>et</strong></span> <span class='ocrx_word' id='word_1_11' title='bbox 284 1065 524 1157; x_wconf 75' lang='lat' dir='ltr'>praeparantes</span> <span class='ocrx_word' id='word_1_12' title='bbox 555 1055 711 1155; x_wconf 83' lang='lat' dir='ltr'><strong>insignes·</strong></span> <span class='ocrx_word' id='word_1_13' title='bbox 740 1056 984 1155; x_wconf 80' lang='lat' dir='ltr'><strong>gynaecologia</strong></span> <span class='ocrx_word' id='word_1_14' title='bbox 1013 1055 1193 1152; x_wconf 84' lang='lat' dir='ltr'>disciplina</span> <span class='ocrx_word' id='word_1_15' title='bbox 1218 1053 1420 1154; x_wconf 88' lang='lat' dir='ltr'><strong>peculiaris,</strong></span> <span class='ocrx_word' id='word_1_16' title='bbox 1445 1079 1467 1130; x_wconf 91' lang='lat' dir='ltr'><strong>a</strong></span> <span class='ocrx_word' id='word_1_17' title='bbox 1490 1054 1663 1153; x_wconf 89' lang='lat' dir='ltr'><strong>chirurgia</strong></span> <span class='ocrx_word' id='word_1_18' title='bbox 1689 1077 1740 1128; x_wconf 91' lang='lat' dir='ltr'><strong>se·</strong></span> 
     </span>
     <span class='ocr_line' id='line_1_4' title="bbox 217 1174 1742 1277; baseline 0 -25"><span class='ocrx_word' id='word_1_19' title='bbox 217 1186 355 1277; x_wconf 89' lang='lat' dir='ltr'><strong>paratu,</strong></span> <span class='ocrx_word' id='word_1_20' title='bbox 387 1175 540 1263; x_wconf 73' lang='lat' dir='ltr'><strong>exstitit,</strong></span> <span class='ocrx_word' id='word_1_21' title='bbox 577 1175 731 1275; x_wconf 90' lang='lat' dir='ltr'><strong>quinque</strong></span> <span class='ocrx_word' id='word_1_22' title='bbox 766 1175 935 1251; x_wconf 90' lang='lat' dir='ltr'><strong>habemus</strong></span> <span class='ocrx_word' id='word_1_23' title='bbox 970 1175 1193 1275; x_wconf 62' lang='lat' dir='ltr'><strong>professorem</strong></span> <span class='ocrx_word' id='word_1_24' title='bbox 1232 1175 1458 1264; x_wconf 79' lang='lat' dir='ltr'>habebimus,</span> <span class='ocrx_word' id='word_1_25' title='bbox 1495 1185 1594 1276; x_wconf 88' lang='lat' dir='ltr'><strong>grato</strong></span> <span class='ocrx_word' id='word_1_26' title='bbox 1626 1174 1742 1252; x_wconf 87' lang='lat' dir='ltr'><strong>animo</strong></span> 
     </span>
    </p>
   </div>
   <div class='ocr_carea' id='block_1_3' title="bbox 133 1294 1749 2473">
    <p class='ocr_par' dir='ltr' id='par_1_3' title="bbox 133 1294 1749 2473">
     <span class='ocr_line' id='line_1_5' title="bbox 218 1294 1742 1397; baseline -0.001 -26"><span class='ocrx_word' id='word_1_27' title='bbox 218 1299 397 1397; x_wconf 86' lang='lat' dir='ltr'><strong>pmfiteor,</strong></span> <span class='ocrx_word' id='word_1_28' title='bbox 434 1294 639 1370; x_wconf 89' lang='lat' dir='ltr'><strong>habebimus</strong></span> <span class='ocrx_word' id='word_1_29' title='bbox 668 1295 915 1371; x_wconf 89' lang='lat' dir='ltr'><strong>Nosocomium</strong></span> <span class='ocrx_word' id='word_1_30' title='bbox 946 1319 1095 1383; x_wconf 87' lang='lat' dir='ltr'><strong>novum,</strong></span> <span class='ocrx_word' id='word_1_31' title='bbox 1121 1295 1296 1394; x_wconf 90' lang='lat' dir='ltr'><strong>amplum,</strong></span> <span class='ocrx_word' id='word_1_32' title='bbox 1331 1295 1376 1370; x_wconf 90' lang='lat' dir='ltr'><strong>ad</strong></span> <span class='ocrx_word' id='word_1_33' title='bbox 1399 1295 1566 1370; x_wconf 90' lang='lat' dir='ltr'><strong>clinicum·</strong></span> <span class='ocrx_word' id='word_1_34' title='bbox 1586 1295 1742 1370; x_wconf 87' lang='lat' dir='ltr'><strong>studium</strong></span> 
     </span>
     <span class='ocr_line' id='line_1_6' title="bbox 218 1415 1741 1515; baseline -0.003 -22"><span class='ocrx_word' id='word_1_35' title='bbox 218 1419 393 1493; x_wconf 89' lang='lat' dir='ltr'><strong>idoneum.</strong></span> <span class='ocrx_word' id='word_1_36' title='bbox 444 1415 559 1490; x_wconf 90' lang='lat' dir='ltr'><strong>Multa</strong></span> <span class='ocrx_word' id='word_1_37' title='bbox 591 1423 683 1490; x_wconf 87' lang='lat' dir='ltr'><strong>certe</strong></span> <span class='ocrx_word' id='word_1_38' title='bbox 716 1423 751 1490; x_wconf 90' lang='lat' dir='ltr'><strong>et</strong></span> <span class='ocrx_word' id='word_1_39' title='bbox 781 1416 929 1515; x_wconf 92' lang='lat' dir='ltr'><strong>optimal</strong></span> <span class='ocrx_word' id='word_1_40' title='bbox 976 1415 1045 1489; x_wconf 85' lang='lat' dir='ltr'><strong>Sed</strong></span> <span class='ocrx_word' id='word_1_41' title='bbox 1080 1415 1178 1488; x_wconf 92' lang='lat' dir='ltr'><strong>doleo</strong></span> <span class='ocrx_word' id='word_1_42' title='bbox 1207 1415 1250 1488; x_wconf 88' lang='lat' dir='ltr'><strong>de</strong></span> <span class='ocrx_word' id='word_1_43' title='bbox 1276 1415 1502 1515; x_wconf 90' lang='lat' dir='ltr'><strong>pathologicis</strong></span> <span class='ocrx_word' id='word_1_44' title='bbox 1526 1416 1651 1490; x_wconf 84' lang='lat' dir='ltr'><strong>studiis</strong></span> <span class='ocrx_word' id='word_1_45' title='bbox 1678 1415 1741 1490; x_wconf 91' lang='lat' dir='ltr'><strong>mi·</strong></span> 
     </span>
     <span class='ocr_line' id='line_1_7' title="bbox 220 1533 1742 1633; baseline -0.002 -20"><span class='ocrx_word' id='word_1_46' title='bbox 220 1563 287 1613; x_wconf 90' lang='lat' dir='ltr'><strong>uns</strong></span> <span class='ocrx_word' id='word_1_47' title='bbox 320 1535 408 1612; x_wconf 89' lang='lat' dir='ltr'><strong>laeta</strong></span> <span class='ocrx_word' id='word_1_48' title='bbox 438 1535 606 1611; x_wconf 88' lang='lat' dir='ltr'><strong>narranda</strong></span> <span class='ocrx_word' id='word_1_49' title='bbox 640 1560 725 1612; x_wconf 88' lang='lat' dir='ltr'><strong>esse.</strong></span> <span class='ocrx_word' id='word_1_50' title='bbox 775 1539 965 1611; x_wconf 88' lang='lat' dir='ltr'><strong>Anatomes</strong></span> <span class='ocrx_word' id='word_1_51' title='bbox 985 1533 1221 1633; x_wconf 85' lang='lat' dir='ltr'><strong>pathologicae</strong></span> <span class='ocrx_word' id='word_1_52' title='bbox 1242 1535 1419 1622; x_wconf 78' lang='lat' dir='ltr'><strong>studium,</strong></span> <span class='ocrx_word' id='word_1_53' title='bbox 1445 1534 1625 1633; x_wconf 81' lang='lat' dir='ltr'>professori</span> <span class='ocrx_word' id='word_1_54' title='bbox 1646 1559 1742 1611; x_wconf 91' lang='lat' dir='ltr'><strong>man·</strong></span> 
     </span>
     <span class='ocr_line' id='line_1_8' title="bbox 221 1641 1743 1753; baseline -0.002 -21"><span class='ocrx_word' id='word_1_55' title='bbox 221 1658 341 1733; x_wconf 92' lang='lat' dir='ltr'><strong>datum</strong></span> <span class='ocrx_word' id='word_1_56' title='bbox 376 1656 552 1743; x_wconf 87' lang='lat' dir='ltr'><strong>videmus,</strong></span> <span class='ocrx_word' id='word_1_57' title='bbox 590 1655 647 1730; x_wconf 90' lang='lat' dir='ltr'><strong>cui</strong></span> <span class='ocrx_word' id='word_1_58' title='bbox 683 1657 786 1732; x_wconf 91' lang='lat' dir='ltr'><strong>etiam</strong></span> <span class='ocrx_word' id='word_1_59' title='bbox 822 1669 981 1730; x_wconf 79' lang='lat' dir='ltr'><strong>anatome</strong></span> <span class='ocrx_word' id='word_1_60' title='bbox 1017 1653 1092 1728; x_wconf 86' lang='lat' dir='ltr'><strong>sani</strong></span> <span class='ocrx_word' id='word_1_61' title='bbox 1127 1653 1298 1753; x_wconf 86' lang='lat' dir='ltr'><strong>corporis,</strong></span> <span class='ocrx_word' id='word_1_62' title='bbox 1334 1663 1370 1728; x_wconf 93' lang='lat' dir='ltr'><strong>et</strong></span> <span class='ocrx_word' id='word_1_63' title='bbox 1400 1654 1570 1730; x_wconf 89' lang='lat' dir='ltr'><strong>medicina</strong></span> <span class='ocrx_word' id='word_1_64' title='bbox 1599 1641 1743 1729; x_wconf 84' lang='lat' dir='ltr'><strong>lorensis</strong></span> 
     </span>
     <span class='ocr_line' id='line_1_9' title="bbox 222 1773 1742 1874; baseline -0.002 -21"><span class='ocrx_word' id='word_1_65' title='bbox 222 1779 327 1854; x_wconf 87' lang='lat' dir='ltr'><strong>simul</strong></span> <span class='ocrx_word' id='word_1_66' title='bbox 353 1776 539 1852; x_wconf 79' lang='lat' dir='ltr'><strong>tradendae</strong></span> <span class='ocrx_word' id='word_1_67' title='bbox 568 1784 669 1864; x_wconf 91' lang='lat' dir='ltr'><strong>sunt,</strong></span> <span class='ocrx_word' id='word_1_68' title='bbox 704 1776 761 1850; x_wconf 90' lang='lat' dir='ltr'><strong>eui</strong></span> <span class='ocrx_word' id='word_1_69' title='bbox 796 1775 859 1850; x_wconf 89' lang='lat' dir='ltr'><strong>hoc</strong></span> <span class='ocrx_word' id='word_1_70' title='bbox 883 1800 974 1850; x_wconf 93' lang='lat' dir='ltr'><strong>anno</strong></span> <span class='ocrx_word' id='word_1_71' title='bbox 997 1773 1226 1862; x_wconf 87' lang='lat' dir='ltr'><strong>Academico,</strong></span> <span class='ocrx_word' id='word_1_72' title='bbox 1264 1798 1356 1848; x_wconf 93' lang='lat' dir='ltr'><strong>nuuc</strong></span> <span class='ocrx_word' id='word_1_73' title='bbox 1378 1774 1629 1874; x_wconf 87' lang='lat' dir='ltr'><strong>praeterlapso,</strong></span> <span class='ocrx_word' id='word_1_74' title='bbox 1663 1801 1742 1850; x_wconf 90' lang='lat' dir='ltr'><strong>eon·</strong></span> 
     </span>
     <span class='ocr_line' id='line_1_10' title="bbox 224 1893 1745 1995; baseline 0 -24"><span class='ocrx_word' id='word_1_75' title='bbox 224 1897 303 1995; x_wconf 88' lang='lat' dir='ltr'><strong>tigit</strong></span> <span class='ocrx_word' id='word_1_76' title='bbox 326 1895 537 1971; x_wconf 82' lang='lat' dir='ltr'><strong>Academiae</strong></span> <span class='ocrx_word' id='word_1_77' title='bbox 560 1896 665 1971; x_wconf 86' lang='lat' dir='ltr'><strong>luisse</strong></span> <span class='ocrx_word' id='word_1_78' title='bbox 688 1897 870 1970; x_wconf 86' lang='lat' dir='ltr'><strong>Rectorem</strong></span> <span class='ocrx_word' id='word_1_79' title='bbox 894 1895 1127 1994; x_wconf 86' lang='lat' dir='ltr'><strong>magnificum.</strong></span> <span class='ocrx_word' id='word_1_80' title='bbox 1166 1893 1280 1968; x_wconf 88' lang='lat' dir='ltr'><strong>Pudet</strong></span> <span class='ocrx_word' id='word_1_81' title='bbox 1306 1918 1360 1968; x_wconf 93' lang='lat' dir='ltr'><strong>me</strong></span> <span class='ocrx_word' id='word_1_82' title='bbox 1381 1895 1556 1984; x_wconf 89' lang='lat' dir='ltr'><strong>confiteri,</strong></span> <span class='ocrx_word' id='word_1_83' title='bbox 1582 1894 1745 1971; x_wconf 85' lang='lat' dir='ltr'><strong>lectiones</strong></span> 
     </span>
     <span class='ocr_line' id='line_1_11' title="bbox 225 2014 1744 2116; baseline -0.001 -24"><span class='ocrx_word' id='word_1_84' title='bbox 225 2015 669 2116; x_wconf 85' lang='lat' dir='ltr'><strong>anatomico·pathologicas</strong></span> <span class='ocrx_word' id='word_1_85' title='bbox 702 2015 855 2115; x_wconf 88' lang='lat' dir='ltr'><strong>proprias</strong></span> <span class='ocrx_word' id='word_1_86' title='bbox 889 2041 956 2090; x_wconf 94' lang='lat' dir='ltr'><strong>non</strong></span> <span class='ocrx_word' id='word_1_87' title='bbox 990 2015 1129 2102; x_wconf 90' lang='lat' dir='ltr'><strong>haberi,</strong></span> <span class='ocrx_word' id='word_1_88' title='bbox 1165 2014 1258 2113; x_wconf 93' lang='lat' dir='ltr'><strong>quod</strong></span> <span class='ocrx_word' id='word_1_89' title='bbox 1283 2022 1399 2088; x_wconf 86' lang='lat' dir='ltr'><strong>sutem</strong></span> <span class='ocrx_word' id='word_1_90' title='bbox 1426 2015 1643 2114; x_wconf 85' lang='lat' dir='ltr'><strong>pathologiae</strong></span> <span class='ocrx_word' id='word_1_91' title='bbox 1668 2039 1744 2115; x_wconf 93' lang='lat' dir='ltr'><strong>pro·</strong></span> 
     </span>
     <span class='ocr_line' id='line_1_12' title="bbox 224 2134 1747 2234; baseline 0 -24"><span class='ocrx_word' id='word_1_92' title='bbox 224 2135 344 2210; x_wconf 75' lang='lat' dir='ltr'><strong>sessori</strong></span> <span class='ocrx_word' id='word_1_93' title='bbox 367 2134 464 2209; x_wconf 84' lang='lat' dir='ltr'><strong>lacile</strong></span> <span class='ocrx_word' id='word_1_94' title='bbox 483 2134 756 2223; x_wconf 82' lang='lat' dir='ltr'><strong>condonabitur,</strong></span> <span class='ocrx_word' id='word_1_95' title='bbox 778 2135 834 2208; x_wconf 89' lang='lat' dir='ltr'><strong>cui</strong></span> <span class='ocrx_word' id='word_1_96' title='bbox 855 2135 965 2234; x_wconf 89' lang='lat' dir='ltr'><strong>primo</strong></span> <span class='ocrx_word' id='word_1_97' title='bbox 987 2134 1060 2208; x_wconf 90' lang='lat' dir='ltr'><strong>loco</strong></span> <span class='ocrx_word' id='word_1_98' title='bbox 1083 2134 1278 2207; x_wconf 91' lang='lat' dir='ltr'><strong>docendum</strong></span> <span class='ocrx_word' id='word_1_99' title='bbox 1298 2135 1392 2234; x_wconf 92' lang='lat' dir='ltr'><strong>quod</strong></span> <span class='ocrx_word' id='word_1_100' title='bbox 1407 2134 1482 2234; x_wconf 86' lang='lat' dir='ltr'><strong>lega</strong></span> <span class='ocrx_word' id='word_1_101' title='bbox 1497 2135 1747 2233; x_wconf 88' lang='lat' dir='ltr'><strong>praescriptum</strong></span> 
     </span>
     <span class='ocr_line' id='line_1_13' title="bbox 224 2252 1746 2353; baseline -0.001 -24"><span class='ocrx_word' id='word_1_102' title='bbox 224 2266 286 2330; x_wconf 89' lang='lat' dir='ltr'><strong>eat.</strong></span> <span class='ocrx_word' id='word_1_103' title='bbox 338 2252 432 2353; x_wconf 87' lang='lat' dir='ltr'><strong>Lege</strong></span> <span class='ocrx_word' id='word_1_104' title='bbox 457 2278 535 2327; x_wconf 86' lang='lat' dir='ltr'><strong>vero</strong></span> <span class='ocrx_word' id='word_1_105' title='bbox 559 2253 805 2351; x_wconf 85' lang='lat' dir='ltr'><strong>praescribitur</strong></span> <span class='ocrx_word' id='word_1_106' title='bbox 831 2252 1063 2353; x_wconf 85' lang='lat' dir='ltr'><strong>pathologiam</strong></span> <span class='ocrx_word' id='word_1_107' title='bbox 1093 2252 1295 2328; x_wconf 87' lang='lat' dir='ltr'><strong>tradendam</strong></span> <span class='ocrx_word' id='word_1_108' title='bbox 1322 2279 1405 2330; x_wconf 90' lang='lat' dir='ltr'><strong>esse.</strong></span> <span class='ocrx_word' id='word_1_109' title='bbox 1459 2255 1537 2328; x_wconf 91' lang='lat' dir='ltr'><strong>Hoc</strong></span> <span class='ocrx_word' id='word_1_110' title='bbox 1559 2254 1746 2353; x_wconf 89' lang='lat' dir='ltr'><strong>praescrip·</strong></span> 
     </span>
     <span class='ocr_line' id='line_1_14' title="bbox 133 2372 1749 2473; baseline -0.001 -24"><span class='ocrx_word' id='word_1_111' title='bbox 133 2382 148 2392; x_wconf 66' lang='grc'><strong>“</strong></span> <span class='ocrx_word' id='word_1_112' title='bbox 225 2385 300 2449; x_wconf 91' lang='lat' dir='ltr'><strong>tum</strong></span> <span class='ocrx_word' id='word_1_113' title='bbox 337 2385 452 2448; x_wconf 90' lang='lat' dir='ltr'><strong>autem</strong></span> <span class='ocrx_word' id='word_1_114' title='bbox 486 2397 655 2447; x_wconf 89' lang='lat' dir='ltr'><strong>consensu</strong></span> <span class='ocrx_word' id='word_1_115' title='bbox 691 2375 847 2448; x_wconf 93' lang='lat' dir='ltr'><strong>omnium</strong></span> <span class='ocrx_word' id='word_1_116' title='bbox 881 2374 929 2448; x_wconf 92' lang='lat' dir='ltr'><strong>ita</strong></span> <span class='ocrx_word' id='word_1_117' title='bbox 961 2372 1184 2471; x_wconf 81' lang='lat' dir='ltr'><strong>intelligitur:</strong></span> <span class='ocrx_word' id='word_1_118' title='bbox 1215 2375 1448 2473; x_wconf 74' lang='lat' dir='ltr'><strong>petiolopiam</strong></span> <span class='ocrx_word' id='word_1_119' title='bbox 1484 2397 1590 2472; x_wconf 88' lang='lat' dir='ltr'><strong>quam</strong></span> <span class='ocrx_word' id='word_1_120' title='bbox 1627 2375 1749 2449; x_wconf 92' lang='lat' dir='ltr'><strong>dicunt</strong></span> 
     </span>
    </p>
   </div>
   <div class='ocr_carea' id='block_1_4' title="bbox 104 2493 1748 2595">
    <p class='ocr_par' dir='ltr' id='par_1_4' title="bbox 104 2493 1748 2595">
     <span class='ocr_line' id='line_1_15' title="bbox 104 2493 1748 2595; baseline -0.001 -26"><span class='ocrx_word' id='word_1_121' title='bbox 104 2504 109 2516; x_wconf 90' lang='lat'>&#39;</span> <span class='ocrx_word' id='word_1_122' title='bbox 220 2495 437 2595; x_wconf 73' lang='lat' dir='ltr'><strong>praerodere,</strong></span> <span class='ocrx_word' id='word_1_123' title='bbox 470 2495 573 2566; x_wconf 83' lang='lat' dir='ltr'><strong>initia</strong></span> <span class='ocrx_word' id='word_1_124' title='bbox 604 2496 806 2591; x_wconf 72' lang='lat' dir='ltr'><strong>disceptione</strong></span> <span class='ocrx_word' id='word_1_125' title='bbox 827 2494 1066 2592; x_wconf 75' lang='lat' dir='ltr'><strong>putiolopicue</strong></span> <span class='ocrx_word' id='word_1_126' title='bbox 1093 2493 1259 2567; x_wconf 91' lang='lat' dir='ltr'><strong>tradenda</strong></span> <span class='ocrx_word' id='word_1_127' title='bbox 1287 2517 1370 2568; x_wconf 89' lang='lat' dir='ltr'><strong>esse.</strong></span> <span class='ocrx_word' id='word_1_128' title='bbox 1422 2494 1644 2594; x_wconf 89' lang='lat' dir='ltr'><strong>Pstbologica</strong></span> <span class='ocrx_word' id='word_1_129' title='bbox 1667 2520 1748 2568; x_wconf 90' lang='lat' dir='ltr'><strong>ana·</strong></span> 
     </span>
    </p>
   </div>
   <div class='ocr_carea' id='block_1_5' title="bbox 227 2612 1804 2713">
    <p class='ocr_par' dir='ltr' id='par_1_5' title="bbox 227 2612 1804 2713">
     <span class='ocr_line' id='line_1_16' title="bbox 227 2612 1804 2713; baseline 0.003 -27"><span class='ocrx_word' id='word_1_130' title='bbox 227 2625 320 2688; x_wconf 92' lang='lat' dir='ltr'><strong>tome</strong></span> <span class='ocrx_word' id='word_1_131' title='bbox 355 2612 518 2688; x_wconf 92' lang='lat' dir='ltr'><strong>nimirum</strong></span> <span class='ocrx_word' id='word_1_132' title='bbox 556 2621 635 2711; x_wconf 91' lang='lat' dir='ltr'><strong>post</strong></span> <span class='ocrx_word' id='word_1_133' title='bbox 674 2613 777 2710; x_wconf 89' lang='lat' dir='ltr'><strong>Regii</strong></span> <span class='ocrx_word' id='word_1_134' title='bbox 809 2613 937 2687; x_wconf 88' lang='lat' dir='ltr'><strong>decreti</strong></span> <span class='ocrx_word' id='word_1_135' title='bbox 963 2612 1274 2712; x_wconf 89' lang='lat' dir='ltr'><strong>pmmulgationem</strong></span> <span class='ocrx_word' id='word_1_136' title='bbox 1300 2613 1442 2688; x_wconf 90' lang='lat' dir='ltr'><strong>demum</strong></span> <span class='ocrx_word' id='word_1_137' title='bbox 1466 2638 1546 2713; x_wconf 89' lang='lat' dir='ltr'><strong>pars</strong></span> <span class='ocrx_word' id='word_1_138' title='bbox 1569 2615 1751 2713; x_wconf 88' lang='lat' dir='ltr'><strong>peculiaris</strong></span> <span class='ocrx_word' id='word_1_139' title='bbox 1802 2661 1804 2666; x_wconf 94' lang='lat'>·</span> 
     </span>
    </p>
   </div>
   <div class='ocr_carea' id='block_1_6' title="bbox 226 2731 1751 2951">
    <p class='ocr_par' dir='ltr' id='par_1_6' title="bbox 226 2731 1751 2951">
     <span class='ocr_line' id='line_1_17' title="bbox 226 2731 1751 2832; baseline 0.001 -26"><span class='ocrx_word' id='word_1_140' title='bbox 226 2731 436 2832; x_wconf 92' lang='lat' dir='ltr'><strong>pathologici</strong></span> <span class='ocrx_word' id='word_1_141' title='bbox 458 2732 565 2805; x_wconf 89' lang='lat' dir='ltr'><strong>studii</strong></span> <span class='ocrx_word' id='word_1_142' title='bbox 589 2733 716 2819; x_wconf 86' lang='lat' dir='ltr'><strong>evasit;</strong></span> <span class='ocrx_word' id='word_1_143' title='bbox 752 2733 855 2830; x_wconf 86' lang='lat' dir='ltr'><strong>vulgo</strong></span> <span class='ocrx_word' id='word_1_144' title='bbox 880 2733 969 2807; x_wconf 89' lang='lat' dir='ltr'><strong>inter</strong></span> <span class='ocrx_word' id='word_1_145' title='bbox 993 2732 1155 2807; x_wconf 89' lang='lat' dir='ltr'><strong>lectiones</strong></span> <span class='ocrx_word' id='word_1_146' title='bbox 1180 2731 1400 2830; x_wconf 86' lang='lat' dir='ltr'><strong>obligatorias</strong></span> <span class='ocrx_word' id='word_1_147' title='bbox 1424 2756 1511 2830; x_wconf 86' lang='lat' dir='ltr'><strong>quas</strong></span> <span class='ocrx_word' id='word_1_148' title='bbox 1535 2741 1657 2808; x_wconf 88' lang='lat' dir='ltr'><strong>vocant</strong></span> <span class='ocrx_word' id='word_1_149' title='bbox 1681 2757 1751 2807; x_wconf 94' lang='lat' dir='ltr'><strong>uon</strong></span> 
     </span>
     <span class='ocr_line' id='line_1_18' title="bbox 227 2851 566 2951; baseline 0.003 -25"><span class='ocrx_word' id='word_1_150' title='bbox 227 2851 389 2926; x_wconf 88' lang='lat' dir='ltr'><strong>habenda</strong></span> <span class='ocrx_word' id='word_1_151' title='bbox 414 2860 566 2951; x_wconf 88' lang='lat' dir='ltr'><strong>putatur.</strong></span> 
     </span>
    </p>
   </div>
   <div class='ocr_carea' id='block_1_7' title="bbox 229 2969 1859 5087">
    <p class='ocr_par' dir='ltr' id='par_1_7' title="bbox 229 2969 1784 3551">
     <span class='ocr_line' id='line_1_19' title="bbox 277 2969 1784 3069; baseline 0.001 -22"><span class='ocrx_word' id='word_1_152' title='bbox 277 2972 379 3048; x_wconf 85' lang='lat' dir='ltr'><strong>Quae</strong></span> <span class='ocrx_word' id='word_1_153' title='bbox 399 2995 507 3069; x_wconf 91' lang='lat' dir='ltr'><strong>quum</strong></span> <span class='ocrx_word' id='word_1_154' title='bbox 530 2970 580 3045; x_wconf 90' lang='lat' dir='ltr'><strong>ita</strong></span> <span class='ocrx_word' id='word_1_155' title='bbox 601 2969 692 3058; x_wconf 91' lang='lat' dir='ltr'><strong>sint,</strong></span> <span class='ocrx_word' id='word_1_156' title='bbox 718 2969 936 3068; x_wconf 89' lang='lat' dir='ltr'><strong>pathologiae</strong></span> <span class='ocrx_word' id='word_1_157' title='bbox 953 2969 1154 3069; x_wconf 83' lang='lat' dir='ltr'><strong>professori,</strong></span> <span class='ocrx_word' id='word_1_158' title='bbox 1180 2970 1302 3044; x_wconf 89' lang='lat' dir='ltr'><strong>ceteris</strong></span> <span class='ocrx_word' id='word_1_159' title='bbox 1323 2969 1477 3045; x_wconf 88' lang='lat' dir='ltr'><strong>muneris</strong></span> <span class='ocrx_word' id='word_1_160' title='bbox 1499 2973 1554 3046; x_wconf 87' lang='lat' dir='ltr'><strong>sui</strong></span> <span class='ocrx_word' id='word_1_161' title='bbox 1579 2972 1754 3048; x_wconf 84' lang='lat' dir='ltr'><strong>laboribus</strong></span> <span class='ocrx_word' id='word_1_162' title='bbox 1780 2995 1784 3000; x_wconf 85' lang='lat'><em>·</em></span> 
     </span>
     <span class='ocr_line' id='line_1_20' title="bbox 230 3089 1750 3189; baseline 0.001 -25"><span class='ocrx_word' id='word_1_163' title='bbox 230 3090 298 3165; x_wconf 89' lang='lat' dir='ltr'><strong>iam</strong></span> <span class='ocrx_word' id='word_1_164' title='bbox 326 3115 489 3189; x_wconf 87' lang='lat' dir='ltr'><strong>oppresso</strong></span> <span class='ocrx_word' id='word_1_165' title='bbox 514 3090 557 3164; x_wconf 94' lang='lat' dir='ltr'><strong>ad</strong></span> <span class='ocrx_word' id='word_1_166' title='bbox 580 3099 762 3165; x_wconf 88' lang='lat' dir='ltr'><strong>anatomen</strong></span> <span class='ocrx_word' id='word_1_167' title='bbox 787 3089 1038 3189; x_wconf 85' lang='lat' dir='ltr'><strong>pathologieam</strong></span> <span class='ocrx_word' id='word_1_168' title='bbox 1064 3090 1264 3165; x_wconf 90' lang='lat' dir='ltr'><strong>tradendam</strong></span> <span class='ocrx_word' id='word_1_169' title='bbox 1289 3091 1400 3165; x_wconf 92' lang='lat' dir='ltr'><strong>otium</strong></span> <span class='ocrx_word' id='word_1_170' title='bbox 1424 3115 1492 3166; x_wconf 93' lang='lat' dir='ltr'><strong>non</strong></span> <span class='ocrx_word' id='word_1_171' title='bbox 1516 3093 1629 3170; x_wconf 87' lang='lat' dir='ltr'><strong>datur.</strong></span> <span class='ocrx_word' id='word_1_172' title='bbox 1671 3094 1750 3166; x_wconf 89' lang='lat' dir='ltr'><strong>Soa·</strong></span> 
     </span>
     <span class='ocr_line' id='line_1_21' title="bbox 229 3209 1749 3310; baseline 0.001 -26"><span class='ocrx_word' id='word_1_173' title='bbox 229 3210 383 3285; x_wconf 90' lang='lat' dir='ltr'><strong>tionibus</strong></span> <span class='ocrx_word' id='word_1_174' title='bbox 415 3210 618 3285; x_wconf 88' lang='lat' dir='ltr'><strong>oadaverum</strong></span> <span class='ocrx_word' id='word_1_175' title='bbox 656 3210 691 3284; x_wconf 95' lang='lat' dir='ltr'><strong>in</strong></span> <span class='ocrx_word' id='word_1_176' title='bbox 729 3209 937 3284; x_wconf 92' lang='lat' dir='ltr'><strong>Nosocomio</strong></span> <span class='ocrx_word' id='word_1_177' title='bbox 973 3210 1087 3307; x_wconf 88' lang='lat' dir='ltr'><strong>(quasi</strong></span> <span class='ocrx_word' id='word_1_178' title='bbox 1117 3220 1298 3309; x_wconf 87' lang='lat' dir='ltr'><strong>prosector,</strong></span> <span class='ocrx_word' id='word_1_179' title='bbox 1337 3233 1405 3284; x_wconf 92' lang='lat' dir='ltr'><strong>non</strong></span> <span class='ocrx_word' id='word_1_180' title='bbox 1440 3211 1612 3310; x_wconf 84' lang='lat' dir='ltr'><strong>professor</strong></span> <span class='ocrx_word' id='word_1_181' title='bbox 1643 3220 1749 3306; x_wconf 88' lang='lat' dir='ltr'><strong>esset)</strong></span> 
     </span>
     <span class='ocr_line' id='line_1_22' title="bbox 232 3323 1753 3430; baseline 0.001 -25"><span class='ocrx_word' id='word_1_182' title='bbox 232 3339 366 3405; x_wconf 90' lang='lat' dir='ltr'><strong>tantum</strong></span> <span class='ocrx_word' id='word_1_183' title='bbox 395 3353 551 3429; x_wconf 85' lang='lat' dir='ltr'><strong>proeesse</strong></span> <span class='ocrx_word' id='word_1_184' title='bbox 575 3337 709 3430; x_wconf 87' lang='lat' dir='ltr'><strong>potest;</strong></span> <span class='ocrx_word' id='word_1_185' title='bbox 746 3331 856 3404; x_wconf 83' lang='lat' dir='ltr'><strong>multa</strong></span> <span class='ocrx_word' id='word_1_186' title='bbox 880 3355 970 3429; x_wconf 91' lang='lat' dir='ltr'><strong>quae</strong></span> <span class='ocrx_word' id='word_1_187' title='bbox 998 3329 1211 3406; x_wconf 87' lang='lat' dir='ltr'><strong>enucleatius</strong></span> <span class='ocrx_word' id='word_1_188' title='bbox 1233 3323 1402 3428; x_wconf 87' lang='lat' dir='ltr'><strong>exponere</strong></span> <span class='ocrx_word' id='word_1_189' title='bbox 1426 3339 1565 3406; x_wconf 87' lang='lat' dir='ltr'><strong>etcum</strong></span> <span class='ocrx_word' id='word_1_190' title='bbox 1589 3331 1753 3407; x_wconf 87' lang='lat' dir='ltr'><strong>studiosis</strong></span> 
     </span>
     <span class='ocr_line' id='line_1_23' title="bbox 233 3450 961 3551; baseline 0.001 -26"><span class='ocrx_word' id='word_1_191' title='bbox 233 3451 438 3551; x_wconf 87' lang='lat' dir='ltr'><strong>perscrutari</strong></span> <span class='ocrx_word' id='word_1_192' title='bbox 462 3459 620 3549; x_wconf 87' lang='lat' dir='ltr'><strong>cuperet,</strong></span> <span class='ocrx_word' id='word_1_193' title='bbox 647 3450 751 3525; x_wconf 88' lang='lat' dir='ltr'><strong>debet</strong></span> <span class='ocrx_word' id='word_1_194' title='bbox 775 3450 961 3551; x_wconf 80' lang='lat' dir='ltr'><strong>negligere.</strong></span> 
     </span>
    </p>

    <p class='ocr_par' dir='ltr' id='par_1_8' title="bbox 235 3557 1752 3789">
     <span class='ocr_line' id='line_1_24' title="bbox 282 3557 1752 3672; baseline 0.003 -27"><span class='ocrx_word' id='word_1_195' title='bbox 282 3570 476 3646; x_wconf 89' lang='lat' dir='ltr'><strong>Medicinae</strong></span> <span class='ocrx_word' id='word_1_196' title='bbox 507 3570 542 3644; x_wconf 95' lang='lat' dir='ltr'><strong>in</strong></span> <span class='ocrx_word' id='word_1_197' title='bbox 558 3570 637 3644; x_wconf 82' lang='lat' dir='ltr'><strong>bac</strong></span> <span class='ocrx_word' id='word_1_198' title='bbox 674 3557 862 3645; x_wconf 84' lang='lat' dir='ltr'><strong>Academia</strong></span> <span class='ocrx_word' id='word_1_199' title='bbox 897 3570 1060 3644; x_wconf 87' lang='lat' dir='ltr'><strong>studiosis</strong></span> <span class='ocrx_word' id='word_1_200' title='bbox 1085 3569 1205 3643; x_wconf 91' lang='lat' dir='ltr'><strong>honori</strong></span> <span class='ocrx_word' id='word_1_201' title='bbox 1228 3579 1302 3657; x_wconf 90' lang='lat' dir='ltr'><strong>est,</strong></span> <span class='ocrx_word' id='word_1_202' title='bbox 1327 3569 1465 3668; x_wconf 90' lang='lat' dir='ltr'><strong>publice</strong></span> <span class='ocrx_word' id='word_1_203' title='bbox 1490 3595 1752 3672; x_wconf 88' lang='lat' dir='ltr'><strong>nonnumquam</strong></span> 
     </span>
     <span class='ocr_line' id='line_1_25' title="bbox 235 3689 955 3789; baseline 0.001 -25"><span class='ocrx_word' id='word_1_204' title='bbox 235 3692 392 3789; x_wconf 84' lang='lat' dir='ltr'><strong>querelas</strong></span> <span class='ocrx_word' id='word_1_205' title='bbox 417 3691 460 3764; x_wconf 90' lang='lat' dir='ltr'><strong>de</strong></span> <span class='ocrx_word' id='word_1_206' title='bbox 484 3691 548 3764; x_wconf 87' lang='lat' dir='ltr'><strong>boo</strong></span> <span class='ocrx_word' id='word_1_207' title='bbox 573 3713 686 3764; x_wconf 89' lang='lat' dir='ltr'><strong>rerum</strong></span> <span class='ocrx_word' id='word_1_208' title='bbox 714 3697 808 3764; x_wconf 88' lang='lat' dir='ltr'><strong>statu</strong></span> <span class='ocrx_word' id='word_1_209' title='bbox 833 3689 955 3789; x_wconf 87' lang='lat' dir='ltr'><strong>egisse.</strong></span> 
     </span>
    </p>

    <p class='ocr_par' dir='ltr' id='par_1_9' title="bbox 235 3805 1859 4993">
     <span class='ocr_line' id='line_1_26' title="bbox 284 3805 1752 3909; baseline 0.003 -25"><span class='ocrx_word' id='word_1_210' title='bbox 284 3813 358 3885; x_wconf 89' lang='lat' dir='ltr'><strong>Iam</strong></span> <span class='ocrx_word' id='word_1_211' title='bbox 394 3810 477 3885; x_wconf 84' lang='lat' dir='ltr'><strong>estis</strong></span> <span class='ocrx_word' id='word_1_212' title='bbox 510 3811 669 3909; x_wconf 90' lang='lat' dir='ltr'><strong>apparuit</strong></span> <span class='ocrx_word' id='word_1_213' title='bbox 705 3811 862 3884; x_wconf 89' lang='lat' dir='ltr'><strong>studium</strong></span> <span class='ocrx_word' id='word_1_214' title='bbox 898 3809 1114 3909; x_wconf 90' lang='lat' dir='ltr'><strong>pathologiae</strong></span> <span class='ocrx_word' id='word_1_215' title='bbox 1150 3811 1184 3883; x_wconf 91' lang='lat' dir='ltr'><strong>in</strong></span> <span class='ocrx_word' id='word_1_216' title='bbox 1222 3810 1286 3885; x_wconf 87' lang='lat' dir='ltr'><strong>hac</strong></span> <span class='ocrx_word' id='word_1_217' title='bbox 1321 3811 1508 3887; x_wconf 84' lang='lat' dir='ltr'><strong>Academia</strong></span> <span class='ocrx_word' id='word_1_218' title='bbox 1534 3812 1653 3887; x_wconf 88' lang='lat' dir='ltr'><strong>llorere</strong></span> <span class='ocrx_word' id='word_1_219' title='bbox 1683 3805 1752 3888; x_wconf 86' lang='lat' dir='ltr'><strong>non</strong></span> 
     </span>
     <span class='ocr_line' id='line_1_27' title="bbox 235 3929 1751 4031; baseline 0.001 -25"><span class='ocrx_word' id='word_1_220' title='bbox 235 3955 346 4031; x_wconf 86' lang='lat' dir='ltr'><strong>posse.</strong></span> <span class='ocrx_word' id='word_1_221' title='bbox 408 3929 463 4004; x_wconf 89' lang='lat' dir='ltr'><strong>De</strong></span> <span class='ocrx_word' id='word_1_222' title='bbox 495 3929 537 4004; x_wconf 89' lang='lat' dir='ltr'><strong>iis</strong></span> <span class='ocrx_word' id='word_1_223' title='bbox 571 3955 660 4028; x_wconf 82' lang='lat' dir='ltr'><strong>quae</strong></span> <span class='ocrx_word' id='word_1_224' title='bbox 692 3939 869 4005; x_wconf 88' lang='lat' dir='ltr'><strong>unatomes</strong></span> <span class='ocrx_word' id='word_1_225' title='bbox 901 3929 1136 4029; x_wconf 86' lang='lat' dir='ltr'><strong>pathologicaa</strong></span> <span class='ocrx_word' id='word_1_226' title='bbox 1165 3930 1321 4004; x_wconf 88' lang='lat' dir='ltr'><strong>studium</strong></span> <span class='ocrx_word' id='word_1_227' title='bbox 1346 3929 1414 4004; x_wconf 89' lang='lat' dir='ltr'><strong>sibi</strong></span> <span class='ocrx_word' id='word_1_228' title='bbox 1439 3931 1612 4030; x_wconf 90' lang='lat' dir='ltr'><strong>deposcit,</strong></span> <span class='ocrx_word' id='word_1_229' title='bbox 1638 3931 1751 4030; x_wconf 90' lang='lat' dir='ltr'><strong>deque</strong></span> 
     </span>
     <span class='ocr_line' id='line_1_28' title="bbox 236 4049 1753 4150; baseline 0.001 -25"><span class='ocrx_word' id='word_1_230' title='bbox 236 4052 278 4126; x_wconf 86' lang='lat' dir='ltr'><strong>iis</strong></span> <span class='ocrx_word' id='word_1_231' title='bbox 298 4076 407 4150; x_wconf 88' lang='lat' dir='ltr'><strong>quae,</strong></span> <span class='ocrx_word' id='word_1_232' title='bbox 434 4051 609 4126; x_wconf 91' lang='lat' dir='ltr'><strong>studiosae</strong></span> <span class='ocrx_word' id='word_1_233' title='bbox 630 4050 802 4124; x_wconf 89' lang='lat' dir='ltr'><strong>iuventuti</strong></span> <span class='ocrx_word' id='word_1_234' title='bbox 825 4061 995 4150; x_wconf 88' lang='lat' dir='ltr'><strong>praestare</strong></span> <span class='ocrx_word' id='word_1_235' title='bbox 1018 4059 1154 4149; x_wconf 89' lang='lat' dir='ltr'><strong>posset,</strong></span> <span class='ocrx_word' id='word_1_236' title='bbox 1181 4051 1291 4124; x_wconf 84' lang='lat' dir='ltr'><strong>fusius</strong></span> <span class='ocrx_word' id='word_1_237' title='bbox 1316 4075 1429 4149; x_wconf 87' lang='lat' dir='ltr'><strong>agam.</strong></span> <span class='ocrx_word' id='word_1_238' title='bbox 1467 4049 1536 4126; x_wconf 91' lang='lat' dir='ltr'><strong>Hic</strong></span> <span class='ocrx_word' id='word_1_239' title='bbox 1561 4050 1630 4124; x_wconf 88' lang='lat' dir='ltr'><strong>iam</strong></span> <span class='ocrx_word' id='word_1_240' title='bbox 1656 4076 1753 4150; x_wconf 85' lang='lat' dir='ltr'><strong>prae·</strong></span> 
     </span>
     <span class='ocr_line' id='line_1_29' title="bbox 237 4169 1752 4272; baseline 0 -26"><span class='ocrx_word' id='word_1_241' title='bbox 237 4171 412 4258; x_wconf 91' lang='lat' dir='ltr'><strong>muniem,</strong></span> <span class='ocrx_word' id='word_1_242' title='bbox 453 4170 556 4245; x_wconf 84' lang='lat' dir='ltr'><strong>etiam</strong></span> <span class='ocrx_word' id='word_1_243' title='bbox 602 4169 715 4244; x_wconf 85' lang='lat' dir='ltr'><strong>missia</strong></span> <span class='ocrx_word' id='word_1_244' title='bbox 754 4170 796 4244; x_wconf 90' lang='lat' dir='ltr'><strong>iis</strong></span> <span class='ocrx_word' id='word_1_245' title='bbox 833 4195 921 4269; x_wconf 89' lang='lat' dir='ltr'><strong>quaa</strong></span> <span class='ocrx_word' id='word_1_246' title='bbox 961 4171 1004 4244; x_wconf 90' lang='lat' dir='ltr'><strong>ad</strong></span> <span class='ocrx_word' id='word_1_247' title='bbox 1043 4180 1225 4246; x_wconf 85' lang='lat' dir='ltr'><strong>anatomen</strong></span> <span class='ocrx_word' id='word_1_248' title='bbox 1265 4169 1515 4269; x_wconf 89' lang='lat' dir='ltr'><strong>pathologieam</strong></span> <span class='ocrx_word' id='word_1_249' title='bbox 1557 4171 1752 4272; x_wconf 88' lang='lat' dir='ltr'><strong>pertinent,</strong></span> 
     </span>
     <span class='ocr_line' id='line_1_30' title="bbox 238 4289 1754 4390; baseline 0.001 -26"><span class='ocrx_word' id='word_1_250' title='bbox 238 4290 455 4390; x_wconf 87' lang='lat' dir='ltr'><strong>pathologiae</strong></span> <span class='ocrx_word' id='word_1_251' title='bbox 489 4289 645 4364; x_wconf 89' lang='lat' dir='ltr'><strong>studium</strong></span> <span class='ocrx_word' id='word_1_252' title='bbox 680 4291 831 4390; x_wconf 89' lang='lat' dir='ltr'><strong>integms</strong></span> <span class='ocrx_word' id='word_1_253' title='bbox 866 4290 932 4364; x_wconf 87' lang='lat' dir='ltr'><strong>sibi</strong></span> <span class='ocrx_word' id='word_1_254' title='bbox 962 4291 1116 4390; x_wconf 88' lang='lat' dir='ltr'><strong>flagitare</strong></span> <span class='ocrx_word' id='word_1_255' title='bbox 1141 4291 1245 4364; x_wconf 91' lang='lat' dir='ltr'><strong>unius</strong></span> <span class='ocrx_word' id='word_1_256' title='bbox 1270 4289 1469 4389; x_wconf 87' lang='lat' dir='ltr'><strong>pmfessoris</strong></span> <span class='ocrx_word' id='word_1_257' title='bbox 1493 4289 1590 4366; x_wconf 87' lang='lat' dir='ltr'><strong>vires.</strong></span> <span class='ocrx_word' id='word_1_258' title='bbox 1639 4291 1754 4366; x_wconf 87' lang='lat' dir='ltr'><strong>Facile</strong></span> 
     </span>
     <span class='ocr_line' id='line_1_31' title="bbox 237 4408 1753 4509; baseline -0.001 -25"><span class='ocrx_word' id='word_1_259' title='bbox 237 4409 437 4508; x_wconf 90' lang='lat' dir='ltr'><strong>intelligatis</strong></span> <span class='ocrx_word' id='word_1_260' title='bbox 473 4410 565 4485; x_wconf 91' lang='lat' dir='ltr'><strong>Aud.</strong></span> <span class='ocrx_word' id='word_1_261' title='bbox 601 4409 835 4509; x_wconf 82' lang='lat' dir='ltr'><strong>physiologiae</strong></span> <span class='ocrx_word' id='word_1_262' title='bbox 870 4418 906 4484; x_wconf 91' lang='lat' dir='ltr'><strong>et</strong></span> <span class='ocrx_word' id='word_1_263' title='bbox 931 4419 1108 4486; x_wconf 89' lang='lat' dir='ltr'><strong>anatomes</strong></span> <span class='ocrx_word' id='word_1_264' title='bbox 1138 4408 1390 4509; x_wconf 86' lang='lat' dir='ltr'><strong>pathologicae,</strong></span> <span class='ocrx_word' id='word_1_265' title='bbox 1425 4410 1489 4486; x_wconf 89' lang='lat' dir='ltr'><strong>hoo</strong></span> <span class='ocrx_word' id='word_1_266' title='bbox 1513 4411 1647 4499; x_wconf 86' lang='lat' dir='ltr'><strong>seculo,</strong></span> <span class='ocrx_word' id='word_1_267' title='bbox 1677 4435 1753 4509; x_wconf 90' lang='lat' dir='ltr'><strong>per·</strong></span> 
     </span>
     <span class='ocr_line' id='line_1_32' title="bbox 238 4515 1859 4629; baseline 0.002 -26"><span class='ocrx_word' id='word_1_268' title='bbox 238 4528 442 4618; x_wconf 86' lang='lat' dir='ltr'><strong>lectionem,</strong></span> <span class='ocrx_word' id='word_1_269' title='bbox 478 4529 695 4629; x_wconf 85' lang='lat' dir='ltr'><strong>pathologiae</strong></span> <span class='ocrx_word' id='word_1_270' title='bbox 725 4529 894 4628; x_wconf 89' lang='lat' dir='ltr'><strong>generalis</strong></span> <span class='ocrx_word' id='word_1_271' title='bbox 932 4515 1044 4603; x_wconf 81' lang='lat' dir='ltr'><strong>dictae</strong></span> <span class='ocrx_word' id='word_1_272' title='bbox 1082 4531 1259 4605; x_wconf 85' lang='lat' dir='ltr'><strong>materiam</strong></span> <span class='ocrx_word' id='word_1_273' title='bbox 1294 4529 1423 4629; x_wconf 86' lang='lat' dir='ltr'><strong>insigni</strong></span> <span class='ocrx_word' id='word_1_274' title='bbox 1457 4531 1561 4605; x_wconf 92' lang='lat' dir='ltr'><strong>modo</strong></span> <span class='ocrx_word' id='word_1_275' title='bbox 1596 4531 1755 4621; x_wconf 81' lang='lat' dir='ltr'><strong>auxisse,</strong></span> <span class='ocrx_word' id='word_1_276' title='bbox 1854 4525 1859 4536; x_wconf 79' lang='grc'>’</span> 
     </span>
     <span class='ocr_line' id='line_1_33' title="bbox 241 4649 1756 4750; baseline 0.001 -24"><span class='ocrx_word' id='word_1_277' title='bbox 241 4674 450 4749; x_wconf 89' lang='lat' dir='ltr'><strong>prorsusque</strong></span> <span class='ocrx_word' id='word_1_278' title='bbox 477 4658 644 4728; x_wconf 88' lang='lat' dir='ltr'><strong>mutasse.</strong></span> <span class='ocrx_word' id='word_1_279' title='bbox 694 4649 913 4749; x_wconf 76' lang='lat' dir='ltr'><strong>Physiologia</strong></span> <span class='ocrx_word' id='word_1_280' title='bbox 946 4650 1079 4739; x_wconf 88' lang='lat' dir='ltr'><strong>nitens,</strong></span> <span class='ocrx_word' id='word_1_281' title='bbox 1112 4674 1192 4725; x_wconf 90' lang='lat' dir='ltr'><strong>cum</strong></span> <span class='ocrx_word' id='word_1_282' title='bbox 1218 4649 1434 4749; x_wconf 84' lang='lat' dir='ltr'><strong>physiologia</strong></span> <span class='ocrx_word' id='word_1_283' title='bbox 1457 4673 1591 4750; x_wconf 88' lang='lat' dir='ltr'><strong>semper</strong></span> <span class='ocrx_word' id='word_1_284' title='bbox 1617 4652 1756 4742; x_wconf 87' lang='lat' dir='ltr'><strong>iuncta,</strong></span> 
     </span>
     <span class='ocr_line' id='line_1_34' title="bbox 244 4767 1758 4870; baseline 0.003 -27"><span class='ocrx_word' id='word_1_285' title='bbox 244 4769 455 4869; x_wconf 88' lang='lat' dir='ltr'><strong>bistologicis</strong></span> <span class='ocrx_word' id='word_1_286' title='bbox 477 4767 820 4870; x_wconf 85' lang='lat' dir='ltr'><strong>investigationibus,</strong></span> <span class='ocrx_word' id='word_1_287' title='bbox 845 4771 880 4843; x_wconf 95' lang='lat' dir='ltr'><strong>io</strong></span> <span class='ocrx_word' id='word_1_288' title='bbox 904 4769 1168 4868; x_wconf 84' lang='lat' dir='ltr'><strong>experimentis,</strong></span> <span class='ocrx_word' id='word_1_289' title='bbox 1194 4769 1319 4844; x_wconf 85' lang='lat' dir='ltr'><strong>versari</strong></span> <span class='ocrx_word' id='word_1_290' title='bbox 1342 4769 1456 4845; x_wconf 89' lang='lat' dir='ltr'><strong>debet.</strong></span> <span class='ocrx_word' id='word_1_291' title='bbox 1507 4767 1558 4845; x_wconf 89' lang='lat' dir='ltr'><strong>Ut</strong></span> <span class='ocrx_word' id='word_1_292' title='bbox 1578 4770 1667 4846; x_wconf 88' lang='lat' dir='ltr'><strong>bena</strong></span> <span class='ocrx_word' id='word_1_293' title='bbox 1690 4780 1758 4847; x_wconf 91' lang='lat' dir='ltr'><strong>tra·</strong></span> 
     </span>
     <span class='ocr_line' id='line_1_35' title="bbox 244 4889 1759 4993; baseline 0.002 -30"><span class='ocrx_word' id='word_1_294' title='bbox 244 4889 366 4978; x_wconf 83' lang='lat' dir='ltr'><strong>datur,</strong></span> <span class='ocrx_word' id='word_1_295' title='bbox 398 4896 440 4964; x_wconf 91' lang='lat' dir='ltr'><strong>ut</strong></span> <span class='ocrx_word' id='word_1_296' title='bbox 472 4889 619 4964; x_wconf 92' lang='lat' dir='ltr'><strong>docendi</strong></span> <span class='ocrx_word' id='word_1_297' title='bbox 647 4913 788 4966; x_wconf 89' lang='lat' dir='ltr'><strong>munere</strong></span> <span class='ocrx_word' id='word_1_298' title='bbox 819 4889 968 4990; x_wconf 83' lang='lat' dir='ltr'><strong>fungens</strong></span> <span class='ocrx_word' id='word_1_299' title='bbox 988 4890 1062 4988; x_wconf 88' lang='lat' dir='ltr'><strong>ipse</strong></span> <span class='ocrx_word' id='word_1_300' title='bbox 1085 4889 1268 4989; x_wconf 86' lang='lat' dir='ltr'><strong>indagare,</strong></span> <span class='ocrx_word' id='word_1_301' title='bbox 1294 4890 1517 4991; x_wconf 88' lang='lat' dir='ltr'><strong>perscrutari,</strong></span> <span class='ocrx_word' id='word_1_302' title='bbox 1543 4890 1759 4993; x_wconf 88' lang='lat' dir='ltr'><strong>disciplinam</strong></span> 
     </span>
    </p>

    <p class='ocr_par' dir='ltr' id='par_1_10' title="bbox 1544 5015 1589 5087">
     <span class='ocr_line' id='line_1_36' title="bbox 1544 5015 1589 5087; baseline 0.022 -1"><span class='ocrx_word' id='word_1_303' title='bbox 1544 5015 1589 5087; x_wconf 84' lang='lat' dir='ltr'><strong>la</strong></span> 
     </span>
    </p>
   </div>
   <div class='ocr_carea' id='block_1_8' title="bbox 0 0 2461 6180">
    <p class='ocr_par' dir='ltr' id='par_1_11' title="bbox 0 0 2461 6180">
     <span class='ocr_line' id='line_1_37' title="bbox 0 0 2461 6180; baseline 0 0"><span class='ocrx_word' id='word_1_304' title='bbox 0 0 2461 6180; x_wconf 95' lang='lat' dir='ltr'><strong> </strong></span> 
     </span>
    </p>
   </div>
  </div>
 </body>
</html>
