4864 6180
704 684 753 750 bid
1309 679 1349 745 G.
1388 678 1639 746 nosrta

704 890 915 966 lectionibus
949 889 1036 976 illie,
1066 887 1198 986 quibus
1232 885 1353 963 uiuitis
1384 886 1585 986 discipliane
1617 871 1896 986 putbologiooe,’'
1931 886 1983 959 uel
2014 883 2233 984 upatbologis

704 1010 903 1110 generalis''
938 1010 1132 1083 traduntur.
1193 1008 1375 1086 Quantum
1405 1017 1539 1082 mutata
1564 1008 1716 1095 abillis,
1741 1031 1831 1106 qrrae
1859 1007 2003 1080 ineunte
2028 1005 2093 1083 hoc
2119 1006 2233 1080 samu

710 1131 952 1206 tradebantur!
1006 1131 1081 1203 ism
1118 1151 1223 1226 supra
1258 1128 1541 1216 commemoravi,
1581 1152 1669 1225 quae
1704 1126 1848 1202 huiusce
1871 1126 1986 1200 studii
2019 1133 2144 1200 natura
2162 1126 2231 1216 sit,

710 1277 780 1350 quo
813 1251 916 1325 modo
951 1277 971 1325 a
1005 1248 1220 1349 physiologia
1254 1272 1475 1346 progressum
1513 1248 1707 1321 studiosum
1743 1247 1787 1322 ad
1818 1245 1939 1322 clinica
1960 1247 2097 1334 studia,
2127 1255 2169 1320 »et
2187 1248 2232 1322 ud

705 1371 845 1446 abieras
864 1370 1103 1470 pstbologioas
1127 1368 1387 1443 exercitationes
1413 1376 1534 1467 uptum
1557 1367 1689 1442 reddat.

758 1493 837 1566 Nou
861 1513 957 1566 aces
987 1515 1054 1564 neo
1080 1490 1243 1564 ‚inaudita
1277 1489 1472 1576 machinor,
1508 1488 1708 1563 institutum
1735 1486 1992 1585 pathologieum
2016 1487 2109 1562 iuter
2133 1485 2229 1560 disei-

708 1611 821 1710 plinse
856 1610 1008 1686 medicae
1040 1609 1275 1683 institutiones
1306 1611 1482 1708 flagitans.
1534 1611 1590 1684 Au
1626 1606 1823 1706 exemplum
1862 1606 2011 1706 rogatis,
2048 1606 2230 1680 utilitatem

705 1731 908 1806 huiusmodi
933 1730 1085 1804 instituti
1110 1729 1302 1804 medicinae
1328 1729 1492 1804 studiosis
1512 1728 1617 1803 simul
1637 1753 1678 1803 ae
1694 1727 1894 1828 professoris
1908 1725 2229 1825 investigationibus

709 1853 888 1950 probans?
938 1853 1034 1924 Inter
1065 1850 1194 1938 multu,
1229 1850 1430 1924 institutum
1462 1849 1716 1948 pathologicum
1743 1847 1982 1935 Berolinensc,
2010 1846 2127 1921 affero.
2178 1845 2230 1920 lb

706 1977 843 2071 praeest
867 1971 1089 2057 Virubovius,
1113 1993 1266 2068 ‘maguus
1288 1971 1345 2044 ille
1367 1979 1404 2044 et
1426 1969 1501 2044 iure
1522 1968 1785 2056 celeberrimas,
1810 1968 1926 2042 omnis
1949 1966 2079 2040 habens
2104 1965 2229 2064 quibus

706 2092 841 2191 indiget
872 2091 1089 2190 patlsologiae
1111 2090 1301 2188 professor:
1339 2089 1606 2177 Nosoeomium,
1640 2088 1901 2176 laboratorium,
1922 2111 2108 2174 nummos,
2129 2085 2228 2160 adin·

703 2221 808 2286 tores.
843 2211 1083 2286 Obemicarum
1106 2211 1409 2309 investigationum
1429 2211 1540 2308 gratia
1556 2208 1776 2282 doctissimus
1795 2207 1945 2295 Kiibne,
1963 2231 2074 2306 nuper
2090 2209 2228 2279 Amma-

705 2333 883 2406 lodamum
917 2341 1078 2420 vocatus,
1112 2329 1616 2430 pathologieounatomicorum
1644 2327 1751 2402 aust
1783 2327 2004 2401 doctissimus
2037 2324 2228 2399 Cohnlreim

705 2452 844 2528 adiutor
877 2461 940 2527 est.
992 2452 1143 2525 Nomina
1172 2453 1230 2526 illa
1260 2452 1389 2539 citans,
1415 2451 1519 2524 etiam
1548 2449 1768 2548 gravissimos
1792 2448 1898 2520 uomri
1922 2446 2089 2544 temporis
2112 2445 2227 2545 patho·

705 2573 815 2671 lagiae
837 2598 1038 2671 progressus
1068 2572 1104 2645 in
1127 2572 1330 2646 memoriam
1355 2596 1484 2645 revoco.
1537 2571 1590 2644 Et
1604 2571 1712 2644 buius
1735 2567 1936 2666 disciplinae
1961 2566 2169 2665 provinciam
2191 2566 2228 2639 irs

702 2693 816 2790 patria
856 2704 971 2766 nostra
1007 2691 1132 2790 partim
1170 2703 1346 2766 anatomcs
1384 2690 1566 2787 professori
1605 2689 1728 2789 partim
1764 2687 1902 2762 clinicos
1923 2685 2133 2786 professori,
2161 2685 2226 2759 iam

704 2813 827 2886 ueteris
861 2812 1013 2885 muneris
1041 2811 1217 2885 laboribus
1242 2810 1398 2896 obsidis,
1432 2809 1668 2898 adiutoribus,
1695 2807 1927 2896 laboratoriis,
1952 2805 2092 2881 auxiliis
2114 2827 2225 2879 mrsu·

704 2932 800 3008 tibus
840 2933 1037 3006 mandatam
1072 2931 1141 3004 iam
1180 2931 1343 3004 uidimus.
1407 2925 1555 3004 Felicem
1592 2929 1797 3004 Ieideusem
1841 2927 2085 3014 Academiam,
2120 2947 2223 3022 quae,

704 3052 769 3124 etsi
810 3050 1098 3138 extraordinario,
1141 3059 1262 3122 tamen
1305 3049 1511 3149 peritissimo
1550 3059 1728 3124 anatomes
1767 3047 2003 3149 pathologioae
2044 3046 2226 3144 professore

703 3173 856 3271 gaudet,
892 3173 980 3244 hane
1011 3181 1051 3244 ut
1079 3169 1178 3244 aiunt
1208 3170 1284 3269 lege
1312 3194 1379 3244 nou
1408 3169 1651 3268 praescriptam
1678 3170 1878 3268 disciplinae
1905 3179 2036 3268 partam
2060 3167 2226 3242 mustea

702 3291 818 3364 lsbore
848 3290 1002 3364 docente
1055 3289 1315 3366 Quaerentibus
1349 3313 1521 3386 quaenam
1561 3290 1631 3363 siut
1660 3311 1784 3364 causae
1799 3299 1918 3364 status
1941 3289 2055 3362 vitiosi
2070 3289 2224 3388 putbolo·

703 3410 780 3507 giae
813 3410 848 3482 iu
880 3409 1077 3482 academiis
1109 3409 1236 3482 nostris
1272 3409 1379 3482 studii
1417 3410 1486 3483 iam
1515 3435 1620 3508 supra
1646 3411 1809 3510 respondi
1834 3433 1904 3485 uon
1927 3433 1992 3512 pro
2013 3409 2226 3510 temporibus

702 3528 741 3602 iu
776 3527 972 3602 Academiis
1008 3529 1132 3602 nostris
1167 3531 1383 3604 mendatam
1410 3553 1487 3604 esse
1511 3531 1712 3606 facultatem
1741 3532 1921 3607 medicum.
1971 3529 2089 3604 Multa
2112 3539 2223 3604 tameo

702 3656 873 3734 correcta,
898 3647 1008 3721 mults
1031 3649 1205 3724 laudanda
1225 3659 1317 3724 sunt.
1336 3651 1455 3726 Causa
1478 3631 1557 3724 sero
1576 3650 1777 3748 peculiaris,
1799 3651 1913 3725 missis
1934 3650 2077 3740 ceteris,
2096 3657 2223 3739 metat,

701 3791 764 3843 cur
794 3768 838 3841 sd
868 3767 1085 3867 pathologiae
1119 3770 1273 3843 studium
1302 3771 1550 3868 perficiendum
1583 3795 1693 3869 psuos
1719 3780 1861 3845 'tuntum
1896 3771 1986 3845 faeta
2007 3771 2090 3844 aiut.
2140 3770 2224 3843 aaut

702 3887 899 3988 pathologia
920 3889 1110 3986 generalis,
1146 3899 1184 3963 ut
1210 3891 1277 3964 iam
1306 3890 1568 3990 ostendi‚pars
1592 3891 1744 3966 moneris
1770 3891 1883 3965 elinici
1907 3889 2119 3990 professoria
2141 3909 2222 3963 ans-

702 4018 812 4082 tomas
849 4008 1087 4107 pathologicae
1118 4019 1236 4084 autern
1275 4010 1451 4099 stadium,
1493 4021 1532 4084 ot
1557 4012 1606 4085 ita
1631 4010 1766 4102 dicam,
1800 4012 1839 4085 ‘iu
1865 4012 1997 4086 mareis
2024 4011 2223 4085 anatomicis

702 4128 887 4202 oriundum
930 4138 992 4203 est
1057 4129 1282 4205 Effloreseens
1317 4132 1494 4231 paullatim
1534 4131 1753 4231 pathologiea
1789 4141 1948 4208 anatome
1974 4157 2002 4206 a
2035 4131 2223 4230 professore

702 4257 886 4324 suatomen
919 4249 992 4323 seui
1022 4252 1176 4350 cognoris
1207 4252 1354 4326 docendi
1381 4275 1523 4326 munere
1546 4253 1733 4351 fungente,
1766 4263 1828 4327 aut
1852 4253 1928 4326 eius
1953 4252 2130 4340 adiutura,
2154 4261 2222 4327 tm·
2267 4327 2275 4350 ,

699 4367 856 4444 debetne.

750 4491 825 4564 lam
860 4514 880 4564 a
912 4490 1032 4589 priscis
1068 4491 1149 4565 iude
1178 4490 1398 4590 temporibus
1418 4493 1453 4566 iu
1477 4494 1609 4567 muscis
1633 4493 1834 4568 anatomicis
1857 4494 1946 4566 ictor
1967 4492 2156 4590 specimina
2176 4492 2221 4565 erl

699 4611 773 4684 esui
810 4611 960 4708 corporis
997 4611 1301 4686 conformationem
1344 4611 1565 4700 illustranda,
1603 4614 1706 4686 etiam
1743 4613 1911 4687 manullo
1946 4611 2220 4708 recipiebantur,

697 4752 786 4827 quae
826 4730 1016 4820 mirabilia,
1061 4740 1269 4831 spectatores
1307 4731 1614 4832 obstupefacientie
1651 4733 1768 4832 polius
1801 4753 1906 4830 quum
1941 4729 2039 4804 utilis
2073 4730 2220 4804 diemde
2332 4763 2335 4772 ·

700 4857 818 4936 erant,
852 4849 1029 4926 ‘morbosus
1057 4852 1209 4951 corporis
1239 4853 1452 4928 conditiones
1479 4853 1679 4952 spectantia.
1733 4852 1789 4926 Sic
1813 4847 1954 4939 cabul,
1977 4857 2220 4926 concremante
