4918 6174
691 699 734 764 14
1197 691 1700 760 salutantum

652 899 655 904 ’
738 905 819 978 Non
843 903 962 1003 agitur
982 903 1039 978 hic
1060 901 1213 1002 protecto
1226 925 1281 975 res
1303 923 1513 1000 magnopere
1536 897 1691 974 societati
1712 896 1885 971 humanae
1908 895 2123 983 conducens,
2149 893 2214 970 sod

690 1023 752 1121 qui
778 1023 814 1096 in
842 1022 943 1096 India
975 1019 1142 1095 Orientali
1178 1019 1231 1092 usi
1256 1026 1339 1092 aunt
1361 1017 1420 1092 illo
1449 1015 1605 1116 simplice
1628 1013 1772 1091 artificio
1797 1015 1893 1113 quod
1918 1015 2064 1092 scientia
2085 1039 2212 1115 suppo

690 1141 831 1228 ditavit,
857 1165 999 1238 magnas
1022 1163 1065 1214 ex
1086 1164 1126 1214 ea
1148 1163 1183 1214 re
1204 1139 1341 1214 divitias
1363 1138 1585 1237 collegerunt.
1627 1138 1673 1211 nt
1695 1160 1797 1236 parca
1824 1133 2096 1226 materfamilias,
2124 1159 2212 1235 quae

689 1283 783 1354 nunc
815 1259 1038 1334 suadrsimoo
1071 1257 1204 1333 tructus
1237 1282 1341 1358 parvo
1366 1256 1476 1356 prelio
1509 1257 1576 1331 sihi
1603 1263 1799 1355 comparat,
1834 1254 2005 1354 proiecto,
2042 1255 2106 1331 ubi
2138 1279 2210 1332 rem

689 1379 906 1478 cognoverit,
931 1379 1078 1478 gratiam
1104 1377 1246 1452 habebit
1269 1376 1469 1476 disciplinae
1494 1376 1694 1452 cultoribus.

735 1615 869 1714 Magna
904 1637 982 1714 pars
1007 1613 1246 1713 Pbyaiologiae
1276 1613 1471 1712 plantarum
1505 1613 1551 1687 ad
1576 1611 1802 1686 nutritionem
1833 1610 1983 1709 pertinet
2012 1620 2047 1688 et
2080 1619 2214 1711 spectat

688 1734 891 1822 maurium,
922 1758 1028 1832 quam
1057 1757 1285 1834 unaquaeque
1310 1733 1429 1832 planta
1451 1731 1572 1830 recipit
1595 1731 1632 1806 in
1656 1754 1750 1819 aeae,
1776 1737 1812 1806 et
1836 1755 1908 1829 quo
1929 1739 2032 1830 paeto
2054 1731 2093 1806 in
2111 1757 2211 1833 orgo·

686 1853 799 1928 nisrno
821 1853 1009 1952 digeratur.
1044 1854 1135 1932 Quia
1157 1878 1229 1929 non
1254 1853 1365 1943 ridet,
1386 1852 1508 1952 quanti
1526 1850 1663 1926 intersit
1683 1851 1750 1925 hoc
1772 1849 1858 1926 scire
1877 1851 1923 1926 ud
1947 1851 2214 1950 agriculturam,

684 1973 756 2050 imo
777 1997 856 2048 raro
880 1973 993 2048 omnia
1013 1974 1223 2074 agricultura
1245 1999 1288 2049 er
1311 1973 1446 2048 nunna
1465 1971 1620 2072 profecta
1638 1971 1732 2046 tunc
1754 1969 1899 2046 numam
1921 1970 2073 2046 fundum
2093 1971 2210 2048 lauat

685 2094 851 2168 Attamen
871 2094 982 2168 multa
1005 2102 1041 2168 at
1065 2095 1237 2192 superiore
1263 2093 1398 2169 saeculo
1418 2101 1454 2167 et
1474 2093 1538 2168 hoc
1559 2099 1677 2167 nostro
1697 2089 1820 2165 sedulo
1840 2091 1996 2189 quaesita
2018 2100 2054 2166 et
2074 2099 2213 2191 aparte

684 2213 826 2288 inerunt
852 2214 1055 2312 priusquam
1080 2214 1180 2287 firme
1212 2213 1318 2288 buius
1340 2212 1391 2288 rei
1421 2212 1600 2312 persuasio
1634 2211 1817 2286 hominum
1850 2219 1984 2285 mentae
2018 2211 2205 2312 comparit

682 2332 760 2406 imo
788 2357 884 2420 vero,
909 2357 1019 2432 quum
1047 2333 1198 2432 primum
1223 2333 1437 2433 perspicaces
1461 2332 1604 2431 quidam
1630 2339 1670 2407 et
1688 2330 1782 2407 eruti
1814 2330 1877 2405 riri
1899 2331 2022 2406 inrum
2049 2331 2210 2408 observa·

683 2449 821 2546 tionnm
843 2473 945 2524 usum
971 2452 1211 2526 commendare
1241 2451 1457 2552 coepissent,
1480 2451 1707 2550 agricolarum
1735 2451 1833 2526 natio
1853 2450 2055 2526 fastidiebat
2076 2452 2144 2526 iste
2171 2459 2207 2526 et

680 2569 876 2667 respuebat.
926 2571 1032 2646 Nunc
1060 2579 1195 2646 mutate
1221 2572 1309 2646 ratio
1341 2580 1414 2660 est,
1450 2579 1487 2646 st
1508 2571 1579 2646 iera
1601 2572 1640 2646 in
1664 2571 1877 2647 contrarium
1908 2595 2091 2660 conuersa,
2123 2595 2208 2648 nam

681 2689 818 2787 cupidis
851 2689 1010 2789 agricolis
1045 2717 1066 2764 a
1098 2691 1313 2791 physiologia
1338 2692 1536 2790 plantaru-
1571 2692 1621 2767 nil
1656 2692 1739 2767 satis
1782 2691 1976 2768 festinatur.
2035 2693 2084 2766 nt
2116 2699 2209 2768 recte

679 2806 835 2905 quidem.
884 2807 976 2882 Nam
1010 2833 1119 2906 quum
1152 2833 1275 2884 omnes
1295 2811 1333 2884 in
1358 2811 1587 2886 anatomicam
1617 2811 1877 2910 inquisitionem
1914 2811 2042 2887 intenti
2073 2821 2207 2901 emsut',

678 2925 893 3025 physiologia
918 2927 1177 3023 quodammodo
1195 2929 1324 3030 negligi
1345 2938 1466 3031 coepte
1487 2939 1551 3006 est.
1601 2932 1782 3007 Pnetorea
1802 2931 1849 3006 ad
1869 2931 2124 3032 physiologias
2143 2931 2206 3007 ob·

678 3047 886 3121 servationes
921 3071 990 3121 non
1027 3048 1110 3123 satis
1140 3057 1238 3124 erant
1271 3050 1520 3126 accommodati
1544 3051 1782 3127 monueram
1807 3059 2003 3150 apparatus.
2053 3053 2207 3128 Priatina

675 3165 832 3253 inventa,
858 3166 1005 3266 simplici
1026 3167 1159 3256 labore,
1182 3169 1308 3267 exiguo
1330 3175 1467 3257 sumtu,
1498 3177 1723 3268 portaerem
1756 3170 1823 3245 lesi
1858 3177 2026 3270 apparatu
2057 3171 2095 3245 in
2130 3195 2205 3248 nem

675 3291 890 3382 praesentem
912 3288 1180 3362 accommodato.
1222 3289 1314 3362 Raro
1339 3313 1449 3388 panca
1469 3289 1639 3387 quaedam
1663 3291 1901 3390 experimenta
1920 3299 2018 3366 eraut
2041 3291 2205 3366 instituta

675 3428 764 3500 quae
792 3405 992 3502 ampliorem
1019 3415 1054 3478 ot
1077 3407 1367 3505 sumptuosiorsrn
1393 3417 1597 3508 apparatum
1633 3409 1867 3507 requirebant
1916 3409 2082 3485 Habebat
2110 3433 2205 3486 unum

675 3533 737 3596 aut
762 3524 849 3598 alter
880 3524 1017 3598 Hortus
1056 3527 1245 3600 Batauioue
1277 3528 1525 3626 supellectilem
1549 3528 1788 3628 Pbysiologiae
1821 3529 2030 3629 appositam,
2069 3531 2134 3606 scd
2166 3538 2206 3606 et

674 3643 758 3716 olim
782 3653 818 3717 et
844 3669 936 3718 nuno
966 3647 1068 3743 pauci
1092 3669 1163 3720 ram
1190 3647 1313 3746 optimi
1338 3649 1485 3747 exempli
1509 3657 1592 3723 sont
1615 3648 1753 3726 imitati.

723 3763 830 3850 Eece,
870 3771 1011 3863 repente
1047 3765 1272 3856 exstitemnt,
1309 3767 1467 3866 ipsorum
1499 3771 1725 3868 agricolarum
1761 3769 1908 3858 virtute,
1954 3793 2025 3844 non
2060 3777 2202 3846 tntum

675 3880 809 3955 subolae
841 3883 1086 3983 agriculturae,
1123 3886 1185 3959 sed
1213 3886 1316 3960 etiam
1347 3911 1436 3984 quae
1467 3888 1633 3962 Mones
1655 3869 1945 3988 ⁸experimentalea
1963 3888 2200 3988 appellentur,

674 4000 857 4076 liberaliter
879 4003 1034 4092 dotatae,
1059 4005 1248 4081 instructae
1267 4006 1429 4081 omnibus
1453 4006 1636 4096 subsidiis,
1663 4007 1744 4096 abi,
1774 4015 1907 4106 praeter
1936 4017 2111 4097 caeteros,
2133 4006 2201 4082 riri

673 4118 828 4216 ubymiae
854 4131 890 4195 et
922 4124 1156 4223 physiologiae
1189 4127 1385 4224 plantarum
1413 4129 1514 4226 periti
1548 4129 1584 4202 in
1623 4127 1787 4204 maiorem
1824 4127 1971 4203 modum
2001 4135 2040 4202 et
2064 4127 2194 4227 superi

671 4248 789 4314 menta
813 4249 848 4314 at
871 4244 1124 4318 observationes
1149 4245 1309 4320 facerent.

719 4361 844 4459 Neque
881 4370 980 4460 putet
1022 4365 1206 4463 quiequam
1241 4367 1301 4442 illa
1332 4374 1467 4442 tantum
1500 4369 1735 4467 experimento
1766 4375 1803 4440 et
1836 4366 2089 4442 olmervationes
2118 4389 2200 4441 ene

673 4479 870 4571 institutae,
907 4484 1001 4557 unde
1034 4509 1195 4585 praesna
1223 4486 1352 4562 utilitas
1386 4496 1518 4586 poterat
1544 4488 1686 4586 sperari.
1734 4489 1814 4562 Imo
1842 4511 1924 4562 vero
1955 4487 2019 4562 viri
2052 4485 2197 4586 precia

671 4605 707 4670 et
736 4602 855 4698 prarin
891 4603 998 4678 solam
1032 4614 1225 4705 spectamea
1261 4608 1325 4681 hoo
1355 4607 1524 4708 agebant,
1561 4617 1600 4683 at
1637 4608 1712 4707 ipsa
1744 4632 1798 4682 urs
1834 4617 1870 4683 at
1902 4607 2084 4706 disciplina
2115 4631 2197 4706 pro·

671 4743 820 4815 waerm-
841 4721 986 4812 laceret,
1025 4749 1097 4824 quo
1127 4728 1255 4803 lactum
1291 4736 1344 4802 aot
1377 4739 1418 4804 at
1443 4728 1537 4804 bona
1566 4753 1646 4828 pars
1680 4729 1934 4828 profectuum„
1954 4729 2086 4828 quibus
2118 4728 2197 4828 ipsa

671 4837 852 4937 disciplina
886 4843 921 4915 in
961 4843 1024 4918 hac
1051 4853 1146 4943 parte
1183 4849 1236 4923 his
1268 4850 1367 4925 annis
1404 4858 1506 4924 aucta
1542 4849 1604 4937 sit,
1639 4850 1808 4926 debeatur
1834 4849 1904 4925 illie
1926 4873 2015 4950 ques
2040 4849 2198 4925 diuinus
