4918 6174
669 608 690 672 8
1183 603 1222 670 G.
1258 605 1290 670 F.
1325 605 1364 672 R.
1399 601 1683 670 SUlllllGAll

666 812 788 888 ceteris
821 811 913 886 varia
950 817 1151 910 tegumenta
1181 808 1369 884 tribuit...
1402 808 1576 883 bominem
1614 813 1752 880 tautum
1783 805 1917 880 nudum
1950 813 1985 880 et
2024 805 2060 879 in
2096 805 2190 880 nuda

667 930 776 1006 humo
801 929 908 1004 natali
933 927 989 1003 die
1010 927 1128 1004 abiicit
1152 928 1196 1003 ad
1212 921 1348 1026 vdgitus
1372 927 1488 1002 statim
1507 932 1542 999 et
1562 925 1818 1025 ploratum...;
1844 925 1963 1024 itaque
1990 925 2077 999 iacet
2103 923 2189 998 flens

668 1049 797 1124 animal
819 1049 940 1124 ceteris
968 1050 1234 1145 imperaturum,
1259 1054 1294 1120 et
1317 1071 1338 1120 a
1362 1044 1539 1144 suppliciis
1567 1043 1671 1117 vitam
1696 1043 1930 1142 auspicetur.”

716 1167 847 1242 Iisdem
870 1165 1022 1265 vestigiis
1042 1165 1243 1240 institerunt
1263 1165 1365 1263 primi
1387 1173 1530 1238 naturae
1555 1162 1784 1262 exploratores
1808 1171 1887 1261 post
1914 1163 2059 1262 longum
2085 1161 2192 1236 medii

666 1285 741 1361 aevi
765 1293 953 1358 veternum.
990 1283 1080 1358 Satis
1095 1282 1257 1358 admirari
1283 1307 1353 1357 non
1376 1305 1561 1380 possumus
1585 1281 1774 1380 praeclaros
1797 1282 1907 1376 viros,
1932 1281 2045 1381 qualis
2071 1280 2188 1355 Dodo·

665 1427 773 1478 naeus
803 1402 888 1488 luit,
926 1401 988 1500 qui
1013 1401 1101 1476 illud
1126 1401 1299 1476 servitutis
1331 1402 1454 1500 iugum
1479 1401 1556 1475 ansi
1582 1408 1665 1475 sunt
1697 1410 1876 1489 excutere,
1911 1408 1947 1474 et
1974 1426 1995 1475 a
2023 1398 2120 1474 libris
2144 1399 2190 1474 ed

665 1530 824 1596 naturam
853 1521 1155 1620 contemplandam
1187 1520 1373 1595 redierunt.
1424 1520 1493 1594 Sed
1517 1519 1611 1618 apud
1631 1519 1709 1594 illos
1731 1544 1870 1619 qnoque
1899 1519 2030 1593 utilitas
2055 1519 2189 1618 plenta·

664 1664 743 1714 rum
778 1641 888 1739 prima
919 1663 972 1713 res
1006 1647 1069 1715 est.
1119 1641 1375 1738 Quamcunque
1401 1640 1553 1740 plantam
1586 1639 1862 1737 descripserunt,
1898 1647 1934 1712 et
1966 1637 2027 1712 ubi
2061 1645 2190 1716 crescat

666 1767 919 1857 exposuerunt,
944 1757 1066 1832 multis
1090 1765 1241 1857 pergant
1263 1783 1436 1847 enarrare,
1463 1783 1551 1857 quae
1577 1759 1622 1832 sit
1646 1756 1814 1856 cuiusque
1840 1757 1891 1830 vis
1914 1764 1950 1830 et
1975 1756 2123 1831 facultas
2154 1756 2189 1830 bt

666 1902 766 1966 usus,
792 1884 827 1950 et
854 1877 904 1951 ita
925 1884 1069 1952 naturae
1090 1901 1173 1976 opes
1197 1886 1334 1976 ponunt
1354 1878 1400 1952 ob
1424 1878 1559 1965 oculos,
1585 1884 1625 1950 nt
1644 1876 1763 1951 credes
1787 1877 1920 1951 nullam
1942 1900 2011 1950 non
2035 1876 2189 1975 plantam

664 2021 705 2072 eo
733 1994 875 2102 consilio
906 2019 980 2069 esse
1004 2003 1172 2083 creatam,
1208 2003 1249 2068 ut
1282 1997 1370 2071 vitae
1394 1996 1575 2072 commode
1596 2003 1739 2095 angeret
1765 1995 1820 2069 ¹vel
1844 1995 2063 2072 incommoda
2087 1996 2189 2070 innn-

664 2114 842 2191 merebilia
866 2113 1003 2188 levaret.

714 2234 850 2308 Sensim
875 2241 908 2306 at
934 2231 1113 2331 paullatim
1138 2231 1287 2306 melioris
1309 2231 1378 2306 diei
1400 2233 1458 2307 lus
1485 2231 1625 2307 effulsit.
1666 2230 1737 2306 Ubi
1763 2231 1874 2306 semel
1895 2233 1967 2305 suis
1991 2232 2059 2330 ipsi
2080 2231 2189 2307 oculis

663 2379 703 2428 ao
744 2352 921 2428 mentibus
959 2360 1119 2425 netmam
1154 2352 1379 2450 contemplari
1410 2353 1621 2451 coepissent,
1656 2358 1817 2426 naturam
1853 2351 1899 2425 ob
1936 2359 2044 2428 semet
2077 2352 2188 2452 ipsam

665 2471 828 2547 ndmirari
852 2469 1058 2545 didicerunt.
1095 2469 1199 2542 Brevi
1223 2470 1260 2543 id
1285 2470 1494 2568 patefactum
1521 2479 1573 2545 est
1594 2472 1629 2545 in
1651 2471 1727 2569 ipsa
1745 2469 1939 2569 plantarum
1966 2471 2189 2570 dispositione

666 2599 700 2666 et
722 2589 947 2666 ordinatione.
992 2587 1187 2686 ansalpini
1213 2589 1370 2688 exemplo
1397 2615 1465 2664 non
1497 2615 1539 2666 ex
1567 2615 1635 2664 usu
1667 2612 1772 2689 quem
1800 2613 1959 2689 quaeque
1993 2589 2187 2691 praeberet,

665 2709 727 2784 sed
747 2734 789 2784 ex
813 2707 966 2808 corporis
989 2705 1257 2781 conformatione
1290 2733 1329 2783 ac
1355 2708 1446 2784 notis
1475 2709 1728 2784 dividebantur.
1755 2799 1759 2808 .
1780 2709 1909 2784 Sedulo
1935 2709 2188 2810 cognosceban-

663 2836 721 2902 tur
745 2852 833 2927 quas
860 2827 897 2900 in
922 2850 985 2900 sua
1007 2825 1156 2923 quisque
1184 2825 1306 2902 vicinia
1330 2836 1393 2903 aut
1418 2829 1667 2927 peregrinando
1691 2827 1851 2915 vidisset,
1878 2829 1948 2902 sive
1978 2829 2111 2929 aliquid
2145 2829 2190 2904 ed

632 2929 755 3021 ¹vitae
790 2969 893 3020 usum
929 2945 999 3018 sive
1025 2942 1111 3017 nihil
1145 2944 1296 3020 conferre
1321 2947 1511 3022 constabat.
1562 2949 1609 3021 Et
1645 2947 1770 3024 sufficit
1803 2947 1924 3022 oculos
1951 2949 2118 3024 coniicere
2153 2948 2188 3022 in

665 3064 856 3164 specierum
876 3087 1058 3162 synopses,
1085 3071 1120 3136 et
1137 3063 1268 3140 Itinere
1289 3073 1324 3140 et
1344 3066 1614 3167 Monographias
1628 3075 1663 3142 et
1683 3068 1818 3156 Floras,
1841 3092 1930 3167 quae
1952 3067 2045 3142 bisce
2067 3067 2190 3142 seculis

666 3184 759 3260 edite
791 3192 873 3260 sunt
913 3191 949 3258 el
981 3184 1147 3271 eduntur,
1194 3192 1235 3258 ut
1270 3184 1462 3284 intelligas,
1500 3210 1671 3262 summam
1705 3187 1919 3286 diligentium
1956 3187 2114 3262 adhiberi
2146 3187 2191 3262 ed

665 3303 950 3398 describendum,
975 3310 1011 3378 et
1034 3303 1319 3393 discernendum,
1340 3315 1376 3380 et
1395 3305 1552 3382 iconibus
1570 3305 1835 3382 accuratissimis
1857 3306 2120 3394 illustrandum,
2146 3305 2191 3380 ed

664 3423 781 3498 omnia
806 3422 956 3520 denique
990 3447 1080 3518 quae
1106 3423 1151 3497 ad
1174 3424 1327 3523 plantam
1356 3427 1495 3525 penitus
1520 3426 1792 3526 cognoscendam
1816 3425 1969 3514 fuciunt,
2006 3433 2098 3500 recte
2131 3449 2188 3498 ex·

664 3542 882 3642 ponendum,
908 3565 1011 3616 nsum
1037 3567 1135 3630 vero,
1162 3543 1191 3617 si
1215 3569 1319 3642 quem
1343 3545 1469 3620 habeat
1493 3547 1626 3646 planta,
1662 3571 1731 3620 non
1764 3546 1940 3645 praeteriri
1978 3545 2115 3620 silentio
2151 3544 2188 3618 id

664 3662 806 3760 quidem
830 3703 878 3718 -
903 3661 964 3734 sed
990 3660 1028 3734 id
1048 3661 1092 3736 de
1114 3661 1285 3737 industria
1308 3664 1540 3742 demonstrare
1561 3666 1723 3742 reservari
1743 3665 1829 3753 illis,
1856 3665 1917 3764 qui
1943 3663 2060 3738 dedita
2084 3685 2187 3760 opera

666 3780 710 3853 de
735 3778 797 3852 tali
821 3787 1025 3875 argumento
1050 3777 1154 3853 libms
1178 3781 1410 3857 conscribunt.

714 3896 818 3973 Cadit
840 3897 904 3971 boc
929 3895 963 3970 in
989 3897 1191 3973 Botanicam
1215 3900 1475 4001 descriptivem,
1501 3927 1590 4002 quae
1612 3903 1687 3976 vivo
1706 3902 1862 3978 Lionaeo
1882 3903 1958 4002 ipsa
1980 3910 2053 3976 eret
2082 3901 2186 3974 Bota-

663 4019 740 4094 nica
762 4025 797 4092 et
825 4016 906 4091 sola.
959 4015 1057 4095 Quid
1089 4017 1245 4095 dicamus
1270 4020 1313 4094 de
1336 4019 1404 4095 illis
1430 4020 1630 4120 disciplinae
1662 4021 1840 4096 botanicae
1864 4021 2040 4120 partibus,
2079 4043 2186 4116 quae,

666 4141 731 4214 hoc
764 4125 878 4212 seculo
911 4137 1084 4226 excultae,
1124 4139 1282 4238 ingentes
1310 4163 1512 4239 progressus
1545 4139 1724 4214 lecerunt?
1774 4140 1898 4219 Qualis
1923 4148 1976 4213 est
2001 4135 2188 4214 Anatomia

667 4255 928 4353 microsoopica,
950 4281 1039 4354 quae
1058 4257 1253 4356 plentamm
1273 4259 1460 4357 corporain
1476 4259 1599 4334 ultima
1618 4260 1787 4335 clementa
1805 4259 1958 4347 resolvit,
1980 4265 2015 4332 et
2031 4279 2187 4356 perscru-

666 4383 761 4452 tatur
791 4398 862 4473 qno
895 4379 996 4472 pacto
1028 4398 1069 4447 ex
1105 4375 1250 4475 singulis
1286 4377 1438 4466 cellulis,
1471 4378 1540 4454 alio
1569 4387 1674 4476 atque
1706 4379 1773 4453 alio
1806 4378 1910 4454 modo
1946 4375 2091 4451 mutatis
2125 4381 2189 4450 aut

665 4495 874 4581 coniunctis,
899 4492 1094 4594 plantarum
1121 4505 1235 4594 portes
1257 4504 1292 4570 et
1313 4497 1451 4596 plantae
1475 4497 1679 4586 condentur,

714 4622 775 4689 aut
790 4611 1027 4712 Physiologia,
1049 4637 1138 4711 quae
1160 4614 1305 4691 rimatur
1323 4626 1358 4690 et
1381 4617 1555 4706 enucleat,
1581 4639 1652 4715 quo
1673 4624 1774 4716 pacto
1794 4617 1912 4716 planta
1930 4617 1992 4690 aut
2014 4612 2187 4688 nutriatur

665 4741 727 4807 aut
754 4740 962 4832 propagetur
986 4740 1047 4808 aut
1072 4742 1259 4823 moveatur,
