4918 6174
706 693 752 762 30
1215 687 1254 752 G.
1290 687 1323 753 F.
1358 685 1397 751 R.
1432 682 1718 752 suuruuau

707 900 843 976 Danista
865 896 1105 996 Danobroggii
1132 894 1263 970 ordinis
1289 893 1440 992 insignia
1467 890 1599 966 tribuit.
1648 889 1747 964 Haeo
1770 895 1971 966 ornaments
2001 891 2065 965 toti
2091 893 2228 968 Acade·

706 1016 798 1094 rufae
835 1025 1035 1094 ormmeato
1074 1021 1166 1090 sont.
1223 1011 1367 1086 Utinam
1383 1008 1468 1085 “diu
1497 1010 1656 1084 truantur
1690 1007 1860 1108 collegae,
1895 1009 1977 1084 laeti
2008 1017 2044 1084 at
2076 1011 2225 1104 abares,

709 1137 898 1214 honoribus
926 1135 1051 1209 virtute
1073 1131 1257 1232 quaesitis!

756 1255 984 1354 Splendidam
1015 1252 1103 1327 illaad
1129 1252 1259 1326 donum
1290 1251 1378 1326 acl.
1403 1250 1587 1348 stringas,
1612 1271 1716 1347 quem
1745 1247 1951 1323 valetudinis
1978 1273 2084 1326 musa
2106 1251 2226 1326 abessa

706 1376 880 1462 dolemus,
901 1372 1086 1448 liberaliter
1105 1371 1312 1446 Academiae
1334 1370 1501 1443 donatum
1521 1375 1557 1442 et
1576 1394 1596 1443 a
1616 1367 1793 1443 decessore
1810 1393 1886 1442 meo
1904 1368 1975 1443 ianr
1994 1379 2074 1444 anto
2093 1393 2222 1446 annum

704 1501 1009 1571 commemoratum
1043 1491 1236 1566 luculenter
1267 1489 1451 1564 declaravit
1479 1495 1690 1588 quantopere
1716 1487 1928 1562 Professores
1954 1489 2163 1566 institutioni
2186 1502 2222 1567 et

709 1614 926 1690 universitati
947 1611 1110 1710 undasse
1132 1611 1305 1684 studeant.
1355 1609 1479 1707 Nuper
1498 1607 1553 1692 illi,
1566 1607 1750 1684 Curatores
1772 1631 1941 1682 memores
1958 1617 1993 1682 at
2010 1609 2102 1709 grati
2118 1633 2222 1710 pom.

706 1735 779 1809 lum
801 1741 1005 1832 argenteum
1029 1755 1110 1804 oum
1141 1729 1365 1828 inscriptione
1384 1729 1495 1828 ipsius
1520 1727 1728 1803 meatuum
1749 1727 1993 1824 perhonorifice
2017 1755 2221 1808 commemo·

703 1862 802 1928 rente
834 1853 1045 1948 obtulerant.
1095 1851 1176 1924 Non
1209 1848 1324 1922 minus
1358 1847 1425 1946 ipsi
1457 1873 1497 1922 ea
1530 1872 1584 1922 res
1614 1847 1729 1922 decori
1761 1853 1815 1920 est
1846 1871 1954 1944 quam
1979 1848 2048 1924 illis
2080 1851 2142 1948 qui
2175 1853 2221 1928 sia

704 1971 827 2072 quanti
853 1972 930 2045 eius
951 1969 1223 2044 munificentiam
1247 1968 1399 2044 lacerent
1422 1967 1560 2067 publice
1582 1967 1746 2042 omnibus
1770 1967 1884 2065 palam
1912 1967 2077 2046 lecerunt.

751 2093 804 2166 cl.
825 2091 950 2165 Kaisar
974 2097 1116 2164 vacuus
1142 2097 1194 2162 est
1214 2088 1253 2160 in·
1273 2088 1371 2162 illum
1397 2087 1632 2173 eruditorum,
1658 2111 1855 2162 consessum
1882 2087 2019 2186 inquo
2043 2111 2098 2163 res
2123 2090 2219 2166 cuius

702 2236 772 2287 non
795 2218 933 2284 tantum
956 2209 1086 2307 patriae
1112 2209 1174 2282 sed
1201 2209 1265 2282 toti
1291 2209 1450 2306 Europae
1476 2207 1639 2295 interest,
1663 2207 1912 2304 aperitissimo
1936 2231 2077 2307 qnoque
2100 2235 2219 2308 procu·

701 2341 845 2406 ranetur.
897 2330 1014 2408 Quam
1039 2327 1247 2426 provinciam
1273 2349 1384 2424 quum
1411 2328 1447 2400 in
1474 2351 1514 2400 sa
1537 2327 1739 2424 recepisset,
1765 2326 1878 2400 effecit
1908 2335 1947 2400 nt
1969 2329 2081 2427 patria
2103 2337 2219 2406 nostra

704 2451 739 2522 in
775 2450 886 2524 laudis
915 2449 1112 2522 societatem
1147 2447 1276 2520 veniret
1307 2447 1343 2520 in
1375 2447 1606 2545 promovenda
1637 2470 1695 2534 re,
1730 2446 1764 2520 in
1791 2471 1896 2544 qnam
1922 2449 2079 2524 omnium
2107 2450 2218 2524 erudi

701 2578 816 2643 torum
846 2567 956 2645 enimi
984 2567 1111 2640 intenti
1134 2565 1352 2642 incumbunt.
1403 2565 1468 2639 Ille
1496 2574 1613 2640 autam
1646 2565 1740 2664 apud
1765 2567 1965 2666 peregrinos
1986 2569 2092 2642 tantis
2115 2568 2218 2645 bono·

701 2687 799 2764 ribus
833 2693 998 2782 acceptus
1027 2693 1063 2757 et
1094 2685 1240 2758 affectus
1262 2693 1335 2771 est,
1371 2692 1410 2758 ut
1439 2685 1543 2759 nobis
1569 2685 1732 2758 omuibus
1757 2711 1798 2759 ea
1831 2709 1886 2760 res
1918 2687 2022 2761 simul
2052 2688 2219 2764 decusat

699 2806 864 2887 laetitiam
887 2803 1052 2877 attulerit.

748 2925 857 2999 Menti
889 2924 1015 2996 videte
1048 2929 1177 3009 estote,
1218 2921 1471 2996 honoratissimi
1506 2924 1678 3022 collegae,
1716 2930 1752 2998 st
1792 2925 1864 2997 suis
1902 2925 2050 3024 quisque
2086 2925 2217 3000 maritis

701 3045 895 3120 academiae
919 3051 954 3118 et
974 3040 1234 3139 disciplinarum
1262 3042 1406 3141 gloriam
1435 3043 1470 3115 in
1496 3043 1607 3141 patria
1634 3051 1751 3119 nostra
1773 3044 1999 3143 amplificate!

747 3165 802 3238 'I'u
834 3187 993 3262 quoque,
1019 3163 1059 3236 ol.
1093 3185 1155 3236 van
1189 3162 1300 3250 Geor,
1335 3186 1439 3261 quem
1473 3161 1558 3236 mihi
1589 3163 1740 3262 primum
1781 3188 1824 3237 en
1859 3164 1922 3238 hoo
1954 3163 2030 3238 lo'oo
2068 3164 2214 3238 salutare

698 3283 887 3381 contingit,
927 3290 967 3356 tu
1006 3305 1150 3380 quoque
1179 3280 1361 3356 nobiscum
1396 3282 1488 3355 idem
1523 3305 1661 3359 summa
1695 3307 1759 3382 ope
1791 3283 1942 3383 urgebis.
1995 3283 2120 3382 Magni
2143 3307 2213 3357 mo·

697 3402 807 3476 manti
830 3426 908 3499 pars
932 3401 1133 3498 disciplinae
1159 3398 1238 3474 Tibi
1258 3401 1442 3475 commissa
1469 3409 1541 3489 est,
1569 3427 1593 3476 a
1614 3425 1685 3499 quaa
1708 3411 1743 3476 et
1767 3403 1892 3478 mentis
1916 3403 2053 3478 cultura
2077 3411 2212 3487 suanno

699 3521 882 3595 aduratur
907 3529 941 3593 et
970 3521 1188 3616 instantque
1212 3529 1330 3594 exacta
1357 3521 1470 3594 forma
1488 3521 1713 3594 constituitur
1735 3546 1808 3618 qua·
1827 3531 1970 3598 naturae
1994 3521 2215 3621 indagatores

697 3641 877 3714 obseruma
899 3661 963 3712 sua
983 3647 1216 3736 componunt,
1242 3647 1277 3713 et
1299 3640 1398 3738 leges
1415 3641 1782 3739 naturae-caprimont.
1832 3643 1908 3715 Iam
1929 3639 2096 3716 inchoasti
2118 3639 2211 3739 qnod

698 3759 778 3832 'ribi
807 3760 927 3833 datum
959 3759 1135 3857 negot-ium
1165 3765 1237 3847 est,
1268 3767 1303 3832 at
1335 3759 1384 3833 nil
1420 3760 1486 3834 nisi
1514 3761 1550 3833 id
1577 3760 1678 3834 nobis
1707 3769 1815 3835 restat
1846 3761 2038 3835 anundum
2072 3769 2111 3833 ut
2138 3779 2208 3856 quo

694 3878 797 3953 modo
822 3878 988 3976 inceperis
1012 3879 1133 3952 eodem
1160 3879 1262 3954 modo
1282 3879 1454 3954 indefesse
1477 3880 1647 3955 industria
1668 3883 1806 3978 pergas!
2117 3881 2122 3886 ’

744 4119 896 4194 'Pransao
927 4143 1019 4192 nuno
1052 4119 1096 4193 ad
1133 4119 1343 4194 academicus
1374 4119 1632 4209 institutiones,
1677 4121 1834 4196 subsidia
1866 4127 1902 4194 et
1929 4127 2133 4218 apparatus,
2168 4139 2206 4191 ao

693 4236 844 4335 primum
878 4236 990 4310 laetus
1018 4239 1158 4316 tandem
1193 4245 1367 4336 peractum
1405 4263 1480 4312 asse
1517 4261 1749 4314 commemoro
1786 4237 1843 4326 id,
1871 4235 1970 4336 quod
1993 4236 2114 4310 multis
2142 4236 2209 4310 im-

694 4354 902 4455 pedimentis
938 4357 1146 4431 retardatum
1186 4366 1256 4446 est,
1300 4370 1340 4431 at
1375 4359 1575 4434 Nosooomii·
1611 4358 1797 4433 suademini
1836 4357 2062 4432 fundamenta
2095 4363 2203 4429 strue·

691 4482 829 4561 rantur,
856 4482 892 4547 et
914 4474 963 4549 ito
990 4476 1131 4574 quidem
1162 4483 1202 4551 ut
1231 4501 1309 4575 spes
1335 4475 1382 4549 sit
1401 4475 1541 4574 aliquod
1565 4499 1732 4574 magnum
1759 4483 1795 4549 st
1817 4476 2028 4575 praeclarum
2054 4473 2203 4550 nascitu-

692 4618 789 4680 rnm,
815 4593 908 4691 quod
931 4596 1124 4670 academiae
1150 4597 1494 4695 LugdunoBetaaao
1514 4596 1659 4696 dignum
1688 4596 1752 4684 sit,
1777 4603 1813 4670 et
1835 4597 1962 4671 instans
1992 4593 2201 4670 medicorum

690 4713 977 4810 exspectationem
1003 4717 1230 4815 caplatorum

737 4833 932 4929 Quousque
954 4835 1094 4912 tandem
1119 4836 1395 4935 exspectabimus
1423 4837 1532 4915 donea
1561 4838 1639 4911 novi
1669 4835 1828 4910 dediticii
1855 4834 2054 4910 Academici
2077 4832 2201 4908 lunda·
