4864 6180
682 651 746 716 104
1279 644 1608 711 G.KOSTER

682 855 884 934 emendatae
919 863 955 928 et
988 852 1234 952 amplificatae,
1269 860 1307 926 ut
1339 852 1439 951 quasi
1469 849 1710 950 redintegratis
1738 849 1868 924 viribus
1895 873 2024 923 norum
2052 847 2205 922 saluber·

682 977 789 1052 rimae
812 976 900 1049 vitae
924 974 1074 1048 stadium
1101 971 1350 1071 ingrediantur.
1401 971 1544 1045 Utinam
1565 970 1752 1068 aliquando
1773 968 1809 1042 in
1831 972 1927 1043 novis
1953 968 2046 1043 bisce
2071 967 2203 1042 Acada-

683 1096 762 1170 miis
788 1104 933 1171 veterem
959 1092 1104 1193 gloriam
1132 1099 1298 1192 perpetuo
1324 1100 1462 1166 tueatur
1485 1089 1674 1165 Academia
1698 1089 1940 1164 Ultraiectina!

1311 1373 1573 1384 -ν--ω--ι

729 1576 768 1646 ln
802 1570 1010 1646 Academiae
1039 1569 1118 1644 latis
1149 1570 1347 1644 enarrandis
1379 1569 1491 1643 brevis
1514 1593 1582 1644 ero.
1635 1571 1741 1647 Quod
1764 1594 1805 1643 eo
1830 1566 1963 1667 gratius
1991 1567 2088 1640 vobis
2114 1567 2199 1642 acci·

682 1694 759 1781 det,
783 1692 991 1778 Auditores,
1019 1689 1049 1763 si
1071 1691 1326 1788 reputaveritis,
1352 1689 1444 1789 piam
1467 1690 1669 1787 parentaudi
1694 1688 1979 1764 consuetudinem
2005 1686 2109 1760 bodie
2133 1711 2200 1760 non

676 1815 743 1887 nisi
766 1837 876 1911 pauca
901 1810 1070 1909 flagitare.
1684 1895 1686 1900 Ι

726 1935 877 2006 Faustus
915 1931 1056 2004 omnino
1090 1929 1358 2028 fortunatusque
1387 1929 1455 2004 luit
1490 1953 1603 2002 annua
1636 1952 1739 2026 quem
1776 1927 1966 2028 exegimus.
2017 1926 2198 2000 Curatores

678 2062 714 2124 et
753 2051 872 2122 vivunt
909 2059 944 2122 et
973 2048 1087 2122 valent
1119 2039 1292 2145 rebusque
1317 2048 1537 2122 Academicis
1558 2047 1695 2122 lavandi
1721 2048 1890 2121 desiderio
1916 2070 2105 2143 numquam
2131 2070 2198 2120 nou

678 2170 811 2260 ardent.
862 2169 1070 2242 Decentium
1104 2191 1268 2242 uumerus
1307 2180 1430 2242 auctus
1463 2177 1540 2255 est,
1571 2168 1682 2266 magis
1709 2168 1813 2241 etiam
1840 2167 2069 2254 discentium,
2094 2167 2197 2264 inpri-

675 2290 741 2363 mis
775 2313 892 2363 eorum
926 2289 988 2386 qui
1017 2288 1207 2363 medicinae
1235 2289 1361 2363 studiis
1394 2313 1534 2386 operam
1565 2298 1703 2362 navant.
1754 2288 1904 2362 Ducenti
1928 2297 1964 2360 et
1988 2286 2111 2384 viginti
2138 2287 2196 2360 bo·

673 2433 794 2483 uarum
835 2409 960 2483 artium
1004 2408 1171 2496 studiosi,
1210 2433 1265 2483 me
1306 2411 1469 2496 Rectore,
1507 2407 1640 2483 civibus
1674 2407 1877 2482 academicis
1908 2407 2073 2505 adscripti
2101 2415 2195 2496 sunt,

675 2529 1007 2627 quadringentorum
1034 2539 1183 2626 quatuor
1206 2528 1349 2626 iusuper
1372 2553 1478 2602 censu
1504 2527 1632 2602 habito.

723 2649 884 2721 Externis
902 2649 969 2721 illis
991 2648 1228 2745 prosperitatis
1246 2649 1354 2746 signis
1374 2648 1582 2747 respondent
1599 2646 1751 2721 iuterna:
1774 2646 1889 2720 studia
1903 2644 2033 2745 quippe
2049 2653 2085 2720 et
2097 2646 2195 2720 disci·

676 2767 781 2865 plina.
815 2766 1010 2852 Nimirum,
1035 2767 1102 2839 atsi
1121 2765 1220 2863 plura
1240 2767 1422 2854 deficiant,
1445 2791 1615 2864 quorum,
1635 2781 1808 2863 quatenus
1827 2767 1871 2840 ad
1890 2766 2002 2839 surum
2024 2751 2194 2840 medicum

675 2885 889 2984 pertineant,
916 2886 952 2958 in
975 2883 1078 2982 priori
1099 2887 1265 2959 sermonis
1281 2887 1599 2985 partc,·pleuiorem
1618 2886 1713 2961 vobis
1728 2887 1846 2985 aperui
1860 2885 2039 2973 notitiam,
2061 2884 2190 2983 publice

678 3007 829 3104 profiteri
855 3004 952 3092 licet,
969 3005 1146 3102 'permulta
1167 3006 1267 3078 nobis
1290 3006 1379 3079 bona
1403 3007 1608 3104 contigisse,
1635 3006 1799 3104 quodque
1812 3005 1969 3104 inprimis
1984 3004 2193 3080 laudandum

676 3134 780 3224 puto,
813 3126 875 3200 hoc
906 3124 1009 3199 etiam
1039 3150 1129 3198 anno
1152 3125 1307 3200 floruisse
1331 3127 1478 3200 Traiecti
1501 3127 1677 3200 literarum
1704 3127 2007 3223 doctrinarumque
2031 3125 2191 3198 studium.

725 3247 953 3343 Nequaquam
988 3246 1174 3334 molestus,
1210 3245 1279 3320 imo
1308 3271 1393 3338 ‚vero
1427 3246 1602 3320 iucundus
1626 3246 1693 3320 luit
1720 3247 1858 3320 Rectori
1886 3245 2092 3343 magnifico,
2115 3243 2191 3342 qui,

676 3365 834 3463 quamvis
863 3364 1016 3437 nondum
1044 3365 1148 3439 latera
1177 3366 1244 3463 ipsi
1268 3367 1497 3465 contigerint,
1533 3391 1623 3465 quae
1644 3366 1840 3464 Loucqius,
1869 3365 2000 3463 collega
2024 3377 2191 3439 aestuma-

677 3483 849 3569 tissimus,
876 3495 955 3556 onte
979 3485 1256 3581 quinquennium
1285 3512 1326 3560 er
1354 3488 1417 3560 boc
1445 3499 1613 3586 suggestu
1639 3486 1672 3560 ei
1696 3485 1850 3584 optavit,
1875 3492 1990 3558 tamen
2020 3509 2083 3583 pro
2109 3483 2191 3558 rale-

676 3602 808 3676 tudinis
841 3603 1083 3700 prosperitate,
1116 3629 1179 3702 pro
1214 3617 1408 3680 curatorum
1441 3608 1720 3706 collegarumque
1753 3604 2010 3694 benevolentia,
2036 3629 2098 3703 pro
2122 3616 2191 3678 stu·

676 3722 849 3796 diocorum
876 3722 1025 3820 denique
1053 3721 1269 3799 observantia
1291 3727 1418 3825 gratias
1443 3727 1548 3800 babet
1574 3726 1725 3826 agendas
1749 3751 1853 3824 quam
1877 3725 2052 3801 maximas.
2236 3811 2240 3816 ¹

724 3841 801 3915 Has
833 3852 950 3915 autem
985 3841 1142 3939 inprimis
1176 3844 1239 3917 tibi
1275 3844 1406 3934 debeo,
1441 3846 1644 3920 venerabilis
1673 3871 1736 3922 van
1771 3847 1959 3944 Rappard,
1991 3869 2050 3943 pro
2070 3866 2135 3941 ope
2154 3849 2189 3914 et

675 3963 837 4048 consilio,
872 3961 1146 4060 quotiescunque
1171 3974 1204 4036 tc
1230 3965 1316 4052 adii,
1352 3966 1599 4040 humanissime
1627 3966 1713 4039 mibi
1747 3965 1847 4040 datis.
1906 3965 1968 4038 Est
1992 3988 2074 4037 sane
2100 3961 2191 4061 quod

611 4157 613 4160 .
676 4081 829 4179 gratulor
861 4081 1067 4156 Academiae
1100 4083 1157 4156 cui
1183 4085 1297 4158 denuo
1331 4086 1531 4185 contingat,
1567 4086 1602 4159 in
1631 4085 1719 4160 festo
1743 4085 1973 4159 anniversario
1999 4093 2035 4158 te
2058 4093 2190 4158 curato·

675 4225 752 4279 rum
787 4202 981 4275 Praesidem
1019 4203 1175 4276 salutare.
1228 4204 1281 4277 Sit
1315 4205 1378 4278 tibi
1416 4207 1484 4279 vita
1521 4205 1645 4304 longa,
1683 4205 1817 4279 Palladi
1847 4203 2059 4279 Traiectinae
2088 4226 2191 4301 quam

676 4327 852 4419 tantopere
872 4321 974 4408 colis,
1001 4322 1119 4395 multis
1144 4323 1342 4397 nominibus
1367 4324 1551 4400 fructuosa.

724 4443 778 4516 Tu
810 4465 948 4539 quoque
981 4441 1110 4540 gratias
1139 4442 1273 4550 accipe,
1306 4443 1596 4518 aestumatissime
1629 4468 1691 4519 van
1719 4445 1913 4544 Hoytema,
1947 4443 2009 4542 qui
2030 4446 2189 4519 curatori·

677 4561 763 4648 bus,
802 4562 881 4635 viris
913 4561 1154 4659 amplissimis,
1192 4563 1236 4636 ab
1272 4563 1358 4638 actia
1396 4588 1443 4637 es.
1507 4566 1625 4641 Quam
1659 4563 1791 4663 pridem
1828 4564 1932 4639 etiam
1966 4586 2191 4662 cognoveram

676 4679 955 4753 officiosissimam
992 4692 1087 4754 tunm
1122 4683 1354 4770 voluntatem,
1388 4682 1533 4756 eandem
1566 4690 1602 4756 et
1632 4683 1668 4757 in
1699 4684 1764 4757 hoc
1792 4709 1868 4758 meo
1889 4683 2095 4784 magistratu
2119 4707 2190 4758 sae·

677 4797 755 4896 pius
777 4807 938 4896 expertus
967 4824 1055 4874 sum.
1108 4803 1272 4876 Dolemus
1298 4785 1444 4877 universi
1471 4803 1675 4878 valetudinis
1697 4803 1968 4879 imbecillitatem
1994 4828 2083 4902 quae
2104 4815 2191 4877 tem·
