4918 6174
681 621 724 688 82
1053 619 1092 686 G.
1129 619 1161 684 F.
1197 619 1236 686 ll.
1272 617 1558 683 SlllllNGhll
1596 613 1818 681 ORATIO.

731 827 812 904 Quo
830 835 931 926 pacto
951 826 1074 901 melius
1100 826 1192 899 hunc
1217 825 1330 900 locum
1352 826 1555 900 concludam
1580 850 1685 926 qnam
1711 834 1750 900 ot
1775 831 1895 923 gratru
1915 843 2198 912 commemorem,

682 946 836 1044 amplum
863 945 1057 1022 subsidium
1083 969 1158 1020 esse
1190 969 1233 1020 ex
1258 945 1387 1021 sarano
1414 945 1622 1021 attributum
1650 950 1689 1018 ut
1715 942 1969 1018 observationes
1996 940 2198 1016 astronomi·

682 1089 763 1153 cae,
798 1089 859 1164 per
897 1066 1025 1140 multos
1059 1089 1167 1140 annos
1197 1073 1397 1163 congcstae,
1430 1064 1579 1138 edentur
1607 1064 1644 1138 in
1677 1062 1811 1150 lucem,
1844 1073 1880 1136 at
1910 1061 1946 1135 in
1980 1083 2198 1136 communem

686 1208 787 1258 usum
809 1193 1060 1260 convertantur.
1100 1185 1157 1258 Sic
1178 1171 1435 1257 declaraverunt
1455 1183 1506 1258 illi
1527 1207 1633 1283 penes
1658 1207 1745 1281 quos
1772 1189 1825 1255 eat
1847 1204 1983 1255 summa
2007 1178 2199 1280 respublica
2264 1191 2272 1198 '

683 1327 757 1376 sese
784 1303 962 1377 thesauros
987 1329 1029 1378 ex
1056 1303 1201 1377 eruditis
1234 1301 1358 1376 studiis
1382 1311 1499 1401 partos
1527 1327 1593 1376 suo
1617 1301 1727 1401 pretio
1751 1301 1932 1376 aestimare
1960 1309 1995 1374 et
2023 1298 2078 1373 sni
2099 1296 2199 1372 officii
2249 1298 2256 1314 '

682 1445 756 1494 csse
780 1421 904 1496 ducere
933 1433 972 1496 ut
997 1423 1075 1498 illae
1098 1447 1181 1522 opes
1205 1421 1434 1495 communiter
1458 1420 1600 1521 prosint.

732 1659 892 1757 Denique
925 1661 970 1734 ad
997 1660 1068 1734 Vos
1098 1684 1155 1733 ma
1186 1668 1366 1747 converto,
1398 1660 1605 1735 Academica
1628 1659 1815 1733 Iuventus!
1868 1657 1984 1732 Etiam
2016 1657 2059 1730 de
2090 1664 2198 1730 vestre

683 1801 807 1852 corona
838 1778 1007 1876 quosdam
1033 1778 1148 1877 rapuit
1172 1779 1293 1854 acerbe
1324 1803 1425 1854 mors.
1475 1781 1518 1853 ln
1542 1779 1625 1854 flore
1651 1779 1773 1853 aetatis
1806 1777 2030 1854 conciderunt
2056 1777 2197 1852 ornetis-

684 1897 763 1970 simi
787 1921 852 1972 van
879 1897 992 1986 Driel,
1018 1897 1217 1985 Gladhcek,
1252 1921 1315 1972 van
1343 1897 1512 1972 Karteron
1540 1922 1603 1974 van
1631 1897 1818 1996 Limporg,
1846 1921 1909 1970 van
1936 1897 2076 1971 Zellcm.
2128 1895 2197 1970 Ad·

682 2026 822 2092 moneat
856 2043 975 2092 omnes
1008 2019 1172 2093 iuvenum
1207 2017 1392 2092 immmuro
1421 2043 1535 2107 mors,
1571 2027 1741 2116 quantum
1770 2016 1878 2092 sitin
1908 2017 1997 2107 vita,
2036 2015 2198 2092 etiumin

685 2136 754 2212 rita
777 2137 934 2227 iuvenili,
958 2138 1185 2228 discriminis,
1211 2162 1281 2236 quo
1303 2137 1452 2213 severius
1479 2146 1515 2211 et
1538 2137 1655 2242 sanius
1681 2137 1750 2212 vita
1769 2138 1909 2237 agotum

730 2255 872 2330 Lubeus
883 2257 991 2330 refero
1005 2282 1109 2356 quam
1125 2258 1209 2331 mihi
1225 2257 1420 2331 Rectoriam
1434 2257 1643 2356 provinciam
1654 2255 1788 2331 facilem
1803 2267 1839 2329 et
1854 2253 2071 2329 commodam
2084 2254 2197 2328 imeri-

685 2375 740 2450 tis.
770 2375 913 2450 Lubens
931 2377 1077 2476 cognovi
1095 2401 1156 2451 vos
1175 2377 1366 2451 instituisse
1382 2377 1510 2450 tirones
1529 2377 1715 2476 benignius
1734 2383 1769 2450 et
1789 2375 1975 2450 humanius
1995 2375 2033 2448 in
2054 2385 2198 2448 vestram

683 2518 842 2570 coronam
864 2496 1023 2594 recipere.
1075 2497 1113 2568 Si
1135 2497 1306 2571 Praesidio
1328 2497 1431 2570 vestri
1451 2495 1756 2584 verberantem,
1782 2495 1913 2569 sicum
1934 2493 2059 2569 animis
2081 2493 2198 2566 vestris

683 2613 741 2687 illa
783 2614 885 2689 verba
917 2614 1140 2702 convenient,
1176 2597 1378 2690 academica
1402 2615 1565 2690 iuventus
1601 2615 1665 2690 erit
1697 2615 1784 2689 acris
1819 2621 1855 2687 et
1887 2613 2027 2700 alacris,
2062 2611 2200 2686 hilarior

683 2731 802 2806 eodem
836 2732 897 2806 sed
924 2757 1007 2806 sana
1031 2739 1067 2805 et
1096 2731 1250 2829 integra,
1279 2731 1466 2810 abhorrens
1497 2733 1542 2806 ab
1570 2734 1664 2807 omui
1694 2732 1802 2808 animi
1831 2732 1993 2832 augustia
2022 2739 2056 2804 et
2084 2729 2198 2828 pueri·

681 2850 799 2937 litate,
826 2873 914 2947 quae
941 2849 1030 2924 vitae
1054 2848 1314 2924 oblectamentis
1347 2851 1395 2926 ita
1431 2851 1574 2940 fruitur,
1611 2859 1650 2926 ut
1670 2851 1865 2927 meminerit
1886 2851 2010 2949 quanti
2034 2848 2200 2924 momenti

682 2969 800 3042 resin
833 2977 944 3043 aetate
976 2969 1170 3043 academica
1192 2970 1331 3066 agatur!

732 3087 771 3159 Si
800 3111 917 3161 verum
947 3096 1018 3175 cst,
1053 3087 1219 3176 Iuvenes,
1249 3087 1405 3162 arborem
1434 3115 1476 3164 cx
1502 3089 1672 3165 fructibus
1699 3092 1863 3188 spectari,
1896 3090 1998 3165 facite
2025 3097 2065 3162 ut
2090 3095 2199 3162 vestre

682 3231 785 3306 opera
807 3213 968 3306 appareat
990 3207 1245 3282 universitatem
1268 3215 1446 3306 tamquam
1468 3209 1601 3284 fructus
1623 3209 1711 3284 ferre
1730 3216 1766 3284 et
1789 3208 2040 3284 humanitatem
2061 3229 2197 3282 omnem

617 3389 621 3396 .
682 3333 717 3400 et
741 3325 913 3424 quidquid
941 3327 1124 3425 pulchrum
1153 3335 1265 3402 estet
1289 3327 1501 3425 praeclarum
1526 3339 1560 3403 et
1586 3329 1811 3428 generosum!

732 3563 877 3660 lamque
912 3563 1009 3650 ribi,
1046 3564 1088 3639 cl.
1118 3565 1233 3662 Dory,
1270 3590 1375 3664 quem
1413 3566 1489 3639 Rex
1527 3567 1809 3668 Angustissimus
1846 3569 1930 3642 mihi
1966 3587 2197 3642 successorem

682 3680 830 3768 creavit,
855 3681 953 3754 trado
974 3706 1102 3755 munus
1126 3682 1336 3758 Rectorium.
1388 3684 1487 3759 Salva
1506 3685 1758 3788 mihi„Rectcr
1774 3688 1978 3786 Magnificel
2032 3688 2197 3760 Fortuna·

685 3809 743 3874 tus
775 3797 854 3872 Tibi
884 3823 995 3875 onnus
1026 3808 1110 3875 esto.
1167 3799 1293 3900 Vigeat
1322 3803 1372 3875 Te
1397 3803 1541 3878 Rectore
1572 3830 1612 3879 ac
1642 3804 1761 3880 horest
1792 3806 1980 3881 Academia
2007 3802 2196 3903 Lugdune-

682 3919 828 3992 Batava!
