4918 6174
1183 669 1284 737 ACTA
1309 671 1359 736 ΕΤ
1381 669 1509 736 easta
1535 669 1577 734 tu
1599 668 1768 736 saltatu.

939 877 1154 952 Decernente
1186 873 1411 975 Amplissims
1440 874 1572 952 Senatu
1598 871 1824 964 Academico,
1852 897 1914 975 pro
1944 881 2113 974 potestate
2140 872 2241 951 nobis

890 1019 1073 1086 coemam,

937 1140 1003 1216 ego
1027 1115 1097 1204 Te,
1122 1112 1183 1213 qui
1207 1114 1300 1212 apud
1325 1120 1404 1189 tuos
1428 1113 1519 1189 cives
1544 1111 1725 1213 appellaris

937 1241 1241 1320 Κωνσταντῖνος
1265 1241 1447 1336 Σταῠρος
1470 1237 1621 1321 Koraos
1647 1231 1902 1331 Ἀμφισσεύς,

888 1353 1131 1456 Philosophiae
1165 1353 1385 1430 'l'heoreticae
1423 1354 1631 1454 Magistrum
1669 1361 1705 1428 et
1737 1350 1947 1426 Litterarum
1981 1351 2238 1429 Humaniorum

885 1475 1071 1550 Ductorem
1106 1472 1205 1562 dico,
1241 1497 1339 1565 creo,
1372 1473 1549 1562 renuntio,
1584 1481 1625 1548 ut
1657 1473 1719 1572 qui
1746 1471 1879 1570 optima
1908 1471 2002 1572 lege,
2034 1470 2167 1561 idest,
2190 1472 2238 1548 ita

884 1593 934 1668 'Pe
971 1593 1146 1668 doctorem
1184 1616 1261 1667 creo
1298 1601 1337 1668 ut
1368 1593 1541 1692 quidquid
1573 1591 1658 1668 iuris
1688 1601 1750 1668 aut
1782 1591 1920 1668 honoris
1953 1593 2025 1666 sire
2060 1592 2137 1692 lage
2168 1591 2237 1670 sire

884 1712 987 1812 longa
1014 1711 1265 1787 consuetudine
1289 1722 1380 1788 recte
1403 1714 1526 1789 creatis
1552 1711 1793 1812 Philosophiae
1816 1711 2037 1786 Theoreticae
2061 1711 2237 1811 Magistrir

885 1840 921 1907 et
956 1832 1165 1930 Litterarum
1200 1831 1409 1906 Doctoribus
1447 1831 1583 1921 haberi,
1618 1831 1725 1906 tribui
1762 1830 1973 1930 concedique
2012 1830 2139 1922 soleat,
2176 1841 2237 1906 aut

885 1949 979 2052 apud
1011 1975 1094 2041 nos,
1128 1957 1190 2024 aut
1219 1950 1314 2049 apud
1344 1949 1429 2025 alios
1447 1975 1591 2038 omnes,
1618 1948 1680 2024 ubi
1704 1947 1893 2024 Academia
1916 1947 2236 2047 bagme-Balara

885 2070 977 2148 fama
1009 2079 1046 2146 et
1077 2069 1178 2146 laude
1202 2069 1321 2158 duret,
1355 2069 1392 2144 id
1419 2093 1484 2169 ego
1509 2093 1612 2144 omne
1635 2079 1807 2167 quantum
1832 2077 1885 2142 eat
1913 2067 1949 2142 in
1983 2068 2034 2143 Te
2062 2067 2233 2146 conferam

884 2191 1032 2290 'libique
1069 2213 1148 2264 cum
1182 2190 1324 2264 caeteris
1360 2199 1450 2264 recte
1483 2190 1605 2264 creatis
1637 2188 1844 2263 Ductoribus
1866 2212 2052 2264 commune
2073 2188 2232 2267 tribuam.

882 2311 1042 2390 Quarum
1068 2308 1224 2383 omnium
1253 2333 1366 2383 rerum
1397 2319 1436 2382 ut
1461 2309 1505 2382 sit
1531 2317 1624 2383 certa
1648 2318 1684 2382 et
1710 2307 1805 2406 apud
1828 2331 1949 2382 omnes
1975 2313 2101 2384 testata
2132 2309 2231 2399 fides,

881 2430 1043 2530 Diploma
1075 2428 1112 2504 in
1147 2451 1217 2527 quo
1248 2428 1331 2502 bace
1358 2427 1474 2502 omnia
1500 2427 1620 2503 ordine
1645 2426 1832 2527 perscripta
1858 2435 1940 2503 aunt
1966 2451 2093 2528 magno
2122 2428 2232 2528 sigillo

880 2548 1090 2624 Academico
1125 2547 1299 2622 munitum
1337 2547 1533 2647 debitisque
1566 2545 1878 2646 subscriptionibus
1909 2547 2153 2624 confirmatum
2184 2546 2231 2622 air

879 2667 992 2757 Olan,
1013 2667 1075 2766 qui
1095 2669 1185 2742 Aeta
1205 2667 1354 2742 Senatus
1375 2668 1440 2742 hoe
1460 2692 1552 2744 anno
1576 2675 1690 2756 curat,
1713 2667 1823 2767 primo
1848 2689 1988 2766 quoque
2011 2676 2167 2766 tempore
2188 2666 2230 2742 ad

878 2787 928 2862 lle
952 2785 1195 2886 perferendum
1219 2786 1365 2862 curabit.

927 2905 1034 2980 Hisce
1068 2904 1176 3004 igitur
1204 2906 1249 2981 de
1279 2930 1372 2981 more
1407 2905 1619 3005 feliciterque
1652 2905 1798 3006 peractis
1824 2930 1935 2982 unum
1956 2915 2085 2995 restat,
2109 2907 2226 2983 iucun-

875 3024 1058 3101 dissimum
1091 3030 1127 3098 et
1161 3025 1404 3100 suavissimum
1438 3025 1589 3101 officium
1627 3025 1888 3125 gratulationis,
1934 3025 1970 3101 in
2003 3051 2074 3125 quo
2108 3049 2227 3126 aequor

874 3145 998 3222 lubens
1030 3151 1179 3220 veterem
1208 3144 1512 3234 consuetudinem,
1548 3157 1586 3219 ut
1608 3146 1659 3220 Te
1681 3145 1814 3246 primus
1837 3145 1995 3222 omnium
2020 3146 2226 3223 Litterarum

873 3267 1058 3342 Doctorem
1091 3264 1248 3342 salntem
1299 3266 1392 3365 Ergo
1428 3264 1520 3340 salve
1550 3265 1658 3355 mihi,
1692 3265 1755 3339 Vir
1777 3265 2002 3356 Doctisaime,
2034 3266 2225 3366 iterumque

873 3387 983 3462 salval
1033 3383 1170 3459 Venisti
1202 3385 1248 3459 ad
1286 3408 1348 3459 noa
1383 3383 1516 3458 nemini
1548 3383 1729 3483 cognitur,
1765 3409 1846 3460 mna
1880 3409 1902 3460 a
1936 3385 2038 3462 nobis
2073 3385 2223 3460 discedes

871 3505 1035 3581 omnibus
1064 3511 1168 3580 notus
1196 3503 1385 3602 multisque
1411 3503 1559 3578 dilectus
1581 3514 1617 3578 et
1640 3503 1747 3579 reluti
1773 3527 1898 3581 corona
1919 3529 2024 3580 aurea
2045 3504 2222 3580 redimitus

870 3623 907 3700 in
941 3623 1120 3699 Graeciam
1155 3633 1252 3699 tuam
1282 3621 1471 3697 reverteris.
1530 3622 1550 3695 1
1580 3621 1669 3722 pede
1693 3622 1829 3713 fausto,
1855 3624 1935 3700 felix
1960 3625 2221 3724 fortunatusque

873 3744 975 3822 viras.
1027 3742 1066 3815 Si
1096 3741 1182 3841 quid
1209 3751 1244 3816 te
1267 3739 1386 3815 docuit
1409 3740 1597 3816 Academia
1620 3740 1947 3840 Lugduno·Batara
1971 3743 2054 3820 boni
2081 3743 2218 3820 transfer

716 3911 723 3932 .-
873 3862 911 3938 id
941 3862 986 3938 ad
1020 3869 1098 3936 tuos
1120 3861 1211 3958 cirea
1232 3867 1267 3934 et
1289 3860 1401 3936 insere
1423 3884 1465 3935 ea
1487 3860 1618 3934 semina
1644 3860 1679 3934 in
1704 3861 1874 3962 ingenuos
1897 3885 2082 3962 generosae
2105 3863 2215 3936 iuren-

873 3983 960 4096 tutis
990 3981 1144 4072 animos,
1171 3979 1417 4078 utaliquando
1443 3979 1479 4053 in
1504 3979 1646 4054 Graecia
1673 4004 1735 4079 per
1759 3981 1810 4056 Te
1831 4007 1871 4057 ue
1896 3981 1964 4056 Tui
1994 3981 2123 4056 similes
2147 4002 2218 4080 per·

872 4127 942 4203 que
969 4101 1047 4176 lu'o's
1070 4101 1225 4177 aemulos
1247 4099 1503 4199 discipulosque
1527 4099 1670 4199 pristina
1690 4101 1766 4176 lana
1786 4100 1996 4176 Litterarum
2015 4105 2217 4176 renascatur.

721 4281 726 4292 .
871 4221 1054 4319 Quidquid
1087 4227 1204 4298 autem
1235 4219 1435 4318 incepturus
1468 4243 1506 4293 es
1530 4218 1576 4293 ad
1600 4220 1817 4296 emendanda
1840 4229 1876 4296 et
1898 4219 2104 4296 stabilienda
2130 4215 2220 4320 apud

872 4343 1021 4427 Gmecos
1061 4341 1176 4415 studia
1215 4339 1422 4413 Litterarum
1462 4347 1522 4414 aut
1562 4339 1606 4414 ad
1640 4339 1896 4415 instaurandam
1931 4347 2079 4415 veterem
2109 4336 2219 4439 gentis

868 4457 1013 4559 gloriam
1050 4457 1098 4532 ita
1126 4458 1206 4533 Tibi
1235 4455 1352 4534 omnia
1380 4461 1468 4534 laeta
1493 4468 1528 4532 et
1550 4483 1712 4559 prospera
1739 4459 1898 4534 aieniant
1926 4471 1965 4534 ut
1986 4459 2038 4533 tui
2060 4456 2218 4534 amiciin

867 4575 1055 4653 Hellandia
1073 4582 1202 4654 'omnes
1230 4603 1273 4653 er
1301 4578 1408 4652 animi
1435 4578 1605 4652 sententia
1629 4585 1801 4678 optamus.
1852 4579 2010 4654 servabit
2030 4576 2219 4652 Academia

869 4695 1192 4803 Lugduno·Balava
1230 4698 1468 4772 dulcissimam
1504 4697 1705 4774 memoriam
1740 4697 1808 4774 Tui
1842 4706 1878 4772 et
1912 4723 2032 4772 ornnes
2071 4697 2133 4796 qui
2172 4695 2218 4770 na

870 4813 960 4889 inter
1002 4817 1065 4890 nos
1108 4826 1300 4892 versantem
1345 4816 1529 4892 dileximus
1557 4821 1602 4890 'et
1641 4817 1851 4908 amavimus,
1897 4817 2001 4892 etiam
2040 4815 2217 4892 absentem

2415 933 2417 1054 l
