4918 6174
479 956 1503 1090 SERIESLECTIONUM,

973 1236 1010 1282 IN

578 1443 872 1538 Acronum,
902 1441 1410 1526 nonnullo-Barnun

388 1701 962 1776 nnBuNolRUM,Posrruu1ns
984 1702 1172 1766 ausuras
1194 1701 1293 1760 ANNI
1315 1697 1615 1760 mombechxvn.

867 2095 1129 2112 n———u—-u

422 2442 670 2518 FAGUL'PAS
695 2443 1084 2516 DISCIPLINARUM
1107 2439 1582 2515 MATHEMATIGARUM

794 2563 855 2636 ET
879 2562 1211 2638 PHYSIOARUM.

243 2811 594 2874 WAEAESURINGAR
607 2797 903 2897 Morphologiam,
920 2798 1127 2872 anatomiam
1145 2807 1179 2872 et
1199 2797 1447 2896 physiologiam
1469 2799 1566 2895 plan·

293 2925 409 2994 tarum
436 2925 603 3016 exponet,
629 2917 752 2991 diebus
777 2904 924 3005 Martis,
952 2917 1114 2991 Mercurii
1139 2927 1174 2990 et
1199 2918 1290 2990 Iovis
1300 2974 1564 3006 ........
1605 2916 1687 2992 hora
1737 2917 1761 2992 l.

344 3036 638 3136 Phytographiam
659 3045 694 3110 et
714 3037 945 3112 taxonomiam
967 3036 1122 3125 docebit,
1148 3037 1359 3135 selectosque
1372 3038 1568 3135 plantarum

390 3155 537 3231 familias
561 3154 767 3253 explicabit,
793 3154 916 3228 diebus
940 3155 1060 3229 Lunae
1086 3163 1122 3229 et
1146 3151 1310 3244 Veneris,
1345 3210 1570 3233 .......
1575 3139 1577 3144 ’
1623 3159 1638 3230 l
1664 3163 1699 3230 et
1725 3158 1764 3229 11.

343 3277 435 3351 Cum
456 3275 618 3350 studiosis
639 3274 908 3373 provectioribus
930 3276 979 3349 rei
1002 3275 1177 3351 herbariae
1198 3277 1310 3373 capita
1323 3275 1447 3349 selecto
1459 3275 1572 3352 fusius

392 3404 537 3472 tractare
559 3404 699 3494 paratus
724 3403 797 3482 est,
823 3395 905 3470 hora
930 3395 1120 3470 commoda.

345 3516 516 3592 Exercitia
538 3515 687 3614 practica
713 3515 943 3589 instructura
970 3514 1164 3612 plantarum
1189 3538 1254 3612 ope
1282 3513 1493 3613 miorcscopii
1516 3539 1573 3589 er-

261 3621 264 3628 ’
291 3665 293 3670 ·
397 3635 562 3734 ploranda
590 3632 841 3720 moderabitur,
875 3632 999 3706 diebus
1025 3633 1148 3707 Martis
1172 3641 1208 3707 et
1233 3634 1345 3721 Iovis,
1383 3691 1574 3712 ......
1634 3634 1766 3712 ll-lV.

348 3754 620 3831 Excursionibus
642 3753 811 3828 botanieis
832 3753 979 3852 praeerit
999 3762 1154 3850 tempore
1173 3753 1322 3842 aestivo,
1347 3753 1404 3828 die
1422 3753 1574 3830 Saturni.

249 3885 279 3946 J.
298 3883 383 3944 VAN
403 3883 482 3944 Duri
503 3880 672 3946 HOEqu
693 3873 890 3971 Zoologiam
911 3882 947 3946 et
965 3875 1161 3947 Anatomen
1175 3881 1405 3972 comparatam
1421 3873 1576 3964 docebit,

301 3989 424 4065 diebus
448 3991 589 4080 Lunae,
615 3993 760 4081 Martis,
788 3993 950 4069 Mercurii
975 4003 1010 4067 et
1034 3993 1126 4068 Iovis
1135 4047 1576 4081 .............
1664 4007 1665 4012 ’
1712 3992 1769 4066 Xl.

348 4109 658 4211 Anthropologiam
682 4137 708 4189 s.
732 4113 923 4188 Historiam
951 4114 1142 4189 naturalem
1168 4114 1313 4190 Generis
1339 4113 1496 4187 Humani
1519 4137 1577 4187 er·

400 4239 526 4328 ponet,
552 4231 675 4306 diebus
700 4231 821 4308 Lunae
845 4242 881 4307 et
904 4233 1088 4320 Mercurii,
1124 4291 1134 4308 .
1170 4289 1580 4310 ............
1733 4235 1772 4309 ll.

349 4347 542 4422 'Anatomes
564 4358 779 4448 comparatae
804 4351 927 4426 selecta
951 4351 1065 4449 capita
1087 4351 1294 4450 explicabit,
1318 4353 1442 4428 diebus
1456 4352 1581 4428 Martis

399 4475 434 4539 et
459 4467 571 4556 Iovis,
611 4525 620 4542 .
658 4521 1580 4549 ..........................
1749 4475 1774 4549 1.

353 4585 539 4685 Geologiae
563 4589 692 4686 primus
716 4589 823 4664 lineas
848 4589 1003 4677 docebit,
1039 4590 1283 4679 dieVeueris,
1317 4648 1326 4666 .
1354 4647 1363 4666 .
1390 4649 1398 4668 .
1426 4585 1471 4667 .’.
1500 4648 1508 4666 .
1535 4647 1544 4666 .
1572 4648 1582 4667 .
1719 4593 1776 4668 lll.

172 4737 179 4745 ·
247 4715 290 4776 m
312 4711 353 4774 Η.
373 4713 458 4774 VAN
476 4715 557 4788 ¹buu
577 4717 689 4779 ΒοοΝ
710 4718 841 4780 MFSOH
862 4709 1045 4807 Ohymiam
1068 4735 1248 4811 corporum
1271 4709 1509 4810 organicorum
1523 4735 1583 4786 ex·

305 4829 432 4918 ponet,
467 4822 591 4901 diebus
616 4825 756 4914 Lunae,
789 4827 934 4918 Mortis,
969 4829 1133 4904 Mercurii
1156 4838 1192 4904 et
1216 4830 1309 4905 Iovis
1317 4887 1584 4921 ........
1720 4833 1776 4908 lX.
