4864 6180
848 685 1127 752 ORATIO.
1710 682 1754 748 97

224 895 299 970 dari
330 919 447 994 posse,
480 897 570 972 sicut
593 895 817 995 physiologus
842 903 1018 971 anatomes
1040 895 1177 970 auxiliis
1201 893 1321 968 utitur.
1372 890 1575 991 Pathologis
1602 896 1638 963 et
1662 913 1745 965 anu-

221 1025 333 1090 tomes
360 1025 396 1090 et
419 1017 654 1116 physiologiae
675 1016 811 1090 auxiliis
834 1016 977 1114 indiget.

268 1135 348 1210 Hoc
385 1137 493 1237 igitur
529 1138 720 1212 maximum
751 1146 787 1209 et
821 1136 971 1234 primum
1010 1145 1081 1209 cst:
1118 1135 1155 1207 in
1175 1132 1397 1208 ›Nosocomio
1430 1140 1546 1207 nostro
1576 1154 1664 1205 novo
1696 1129 1743 1206 ad

221 1257 377 1332 studium
410 1267 587 1332 anatomes
617 1257 852 1356 pathologioae
878 1256 1078 1330 facultatem
1103 1264 1139 1328 et
1163 1254 1297 1353 copiam
1325 1253 1526 1351 experiendi
1548 1275 1642 1338 esse,
1668 1251 1744 1349 qui·

222 1375 290 1450 bus
323 1377 514 1452 medicinae
538 1377 712 1452 candidati
735 1386 897 1462 utantur,
931 1400 1031 1473 porro
1058 1373 1257 1473 professoris
1280 1373 1456 1472 pathologi
1479 1373 1566 1446 vires
1590 1372 1743 1470 integras

221 1495 443 1595 pathologiae
473 1496 589 1571 studio
610 1496 701 1583 dari;
722 1521 801 1571 eum
828 1496 989 1570 chemicis
1012 1493 1211 1568 Nosoccmii
1233 1493 1369 1567 auxiliis
1392 1493 1443 1567 uti
1465 1518 1583 1591 posse;
1607 1491 1743 1591 physic·

219 1615 371 1714 logicum
411 1617 654 1691 laboratorium
691 1641 953 1714 nonnumquam
985 1616 1017 1688 ei
1055 1614 1210 1689 subsidio
1249 1613 1372 1687 venire.
1438 1613 1512 1686 Cur
1543 1611 1743 1709 ceteroquin

220 1734 421 1810 institutum
458 1736 713 1834 pathologicum
752 1761 821 1810 non
853 1747 924 1810 tum
958 1735 1073 1834 ampla
1108 1735 1416 1808 instrumentorum
1448 1742 1483 1806 et
1509 1732 1745 1808 subsidiorum

219 1854 336 1952 copia,
372 1879 411 1928 ac
442 1855 719 1953 physiologorum
752 1857 908 1944 officina,
941 1856 976 1929 in
1009 1855 1202 1953 praesentia
1227 1855 1372 1940 saltem,
1397 1853 1572 1951 indigeat,
1599 1854 1746 1928 breviter

220 1997 398 2076 expoqam.

270 2093 407 2166 Etenim
447 2103 605 2168 accurata
642 2093 875 2194 physiologiae
907 2096 1030 2172 notitia
1066 2139 1111 2150 —
1148 2095 1206 2169 cui
1238 2091 1338 2190 quasi
1371 2091 1598 2168 fundamento
1631 2093 1744 2166 omnis

221 2211 391 2286 medicina
418 2212 669 2310 superstruitur
690 2255 740 2269 -
762 2225 879 2288 nostro
902 2215 1041 2312 quidem
1072 2228 1223 2312 tempore
1250 2211 1439 2286 medicinae
1464 2213 1630 2308 studiosis
1656 2211 1747 2287 tradi

221 2355 287 2404 nou
324 2339 458 2429 potest,
496 2331 562 2404 nisi
594 2332 637 2405 iis
672 2335 912 2432 opportunitas
944 2334 1059 2408 oblatu
1093 2333 1159 2422 sit,
1194 2343 1234 2406 ut
1267 2355 1334 2405 usu
1364 2343 1399 2405 et
1434 2334 1679 2432 experimentis
1707 2333 1745 2408 iu

220 2449 424 2524 laboratorio
456 2451 524 2549 ipsi
555 2475 592 2524 se
620 2464 809 2527 exerceant.
863 2454 938 2542 lbi,
965 2478 1070 2553 quam
1096 2453 1244 2526 maxime
1268 2452 1343 2525 fieri
1368 2462 1502 2551 potest,
1529 2453 1746 2551 histologico·

218 2593 297 2643 rum
324 2579 359 2643 et
386 2569 772 2668 physico-chemicorum
801 2575 1113 2672 experimentorum
1132 2595 1224 2646 usus
1245 2571 1288 2645 iis
1311 2573 1542 2671 acquirendus
1570 2583 1634 2646 est.
1681 2573 1745 2648 His

220 2689 383 2763 omnibus
410 2690 535 2764 studiis
560 2716 678 2765 eorum
706 2693 949 2791 propaedeusis
973 2692 1178 2766 continetur.

268 2810 318 2882 At
343 2810 377 2883 in
403 2812 629 2910 pathologicis
658 2814 783 2886 studiis
805 2813 925 2887 eodem
949 2813 1078 2910 primos
1102 2820 1216 2910 partes
1242 2836 1310 2884 non
1336 2821 1456 2909 agunt.
1507 2815 1552 2885 ln
1573 2813 1627 2886 his
1647 2837 1745 2911 prae·

220 2927 361 3024 cipuum
399 2942 471 3018 est,
511 2940 549 3004 ut
586 2931 630 3004 ad
665 2930 1109 3028 pathologico·anatomicas
1145 2931 1403 3005 exercitationes
1439 2932 1612 3007 faciendas
1647 2933 1746 3032 copia

221 3071 288 3120 nou
315 3047 424 3137 desit;
450 3073 559 3146 quum
579 3049 715 3124 illarum
737 3049 858 3124 rudem
874 3073 948 3124 esse
961 3048 1115 3122 studioso
1128 3044 1317 3124 nonliceat.
1355 3049 1505 3147 Reliqua
1524 3073 1603 3122 uero
1622 3050 1742 3148 patho·

220 3166 329 3265 legiae
364 3168 498 3266 capita,
537 3171 686 3243 maxima
722 3195 766 3244 ex
799 3181 916 3268 parte,
951 3169 1106 3242 nondum
1137 3169 1186 3242 ita
1220 3176 1426 3266 pertractata
1462 3177 1561 3254 sunt,
1597 3180 1637 3241 ut
1662 3169 1743 3242 tiro·

220 3285 323 3360 nibus
357 3289 477 3364 saltem
511 3313 572 3387 per
601 3290 721 3388 praxis
753 3289 934 3364 exercendi
968 3313 1005 3363 se
1039 3313 1158 3362 ansam
1195 3287 1391 3386 praebeant.
1454 3288 1497 3360 ln
1532 3286 1587 3360 his
1622 3287 1743 3384 patho·
1863 3289 1865 3294 ’

219 3405 329 3504 logias
363 3409 548 3498 tractibus,
583 3411 609 3484 ii
645 3421 803 3498 tantum,
835 3411 897 3509 qui
930 3418 991 3484 aut
1018 3410 1140 3483 ceteris
1169 3407 1358 3481 medicinae
1382 3406 1540 3505 partibus
1561 3407 1630 3480 iam
1656 3407 1739 3481 satis
1777 3499 1783 3508 Ι

221 3525 348 3600 eruditi
381 3538 481 3616 sunt,
508 3540 568 3604 aut
589 3530 650 3628 qui
675 3530 755 3604 data
779 3555 882 3628 opera
905 3531 940 3604 in
966 3529 1027 3604 bas
1050 3527 1268 3625 quaestiones
1290 3527 1492 3625 inquirunt,
1518 3527 1635 3623 aliquo
1659 3551 1741 3604 cuni

221 3643 337 3728 l'ructu
359 3649 517 3744 practicis
541 3650 666 3724 studiis
689 3675 827 3750 operam
852 3650 1063 3748 impendent.
1116 3648 1222 3726 Quod
1248 3659 1287 3720 ut
1313 3647 1460 3734 laciant,
1496 3647 1549 3720 his
1579 3671 1661 3721 saue
1687 3648 1741 3722 via

220 3789 289 3840 non
318 3767 579 3844 intercludenda
604 3780 676 3858 est,
701 3795 765 3846 nec
789 3771 973 3844 interclusa
994 3770 1059 3842 erit
1081 3769 1110 3841 si
1134 3768 1281 3842 aderunt
1299 3793 1388 3866 quae
1403 3768 1620 3868 pathologiaa
1634 3767 1743 3842 studii

220 3885 324 3960 causa
364 3887 526 3986 flagitavi.
579 3889 649 3964 Sed
681 3914 783 3964 nemo
814 3915 883 3965 non
915 3889 1039 3977 sentit,
1071 3891 1116 3964 ad
1145 3889 1285 3962 iuvenes
1309 3888 1398 3962 bene
1419 3889 1546 3962 multos
1570 3887 1741 3984 physiolo-

220 4004 313 4103 giam
347 4010 602 4106 perducendos,
639 4010 740 4108 longe
774 4011 840 4085 alia
874 4008 1079 4097 desiderari,
1113 4033 1218 4106 quam
1248 4008 1428 4082 exercendi
1453 4017 1488 4081 et
1510 4006 1742 4106 investigandi

220 4122 441 4214 facultatem,
468 4152 558 4226 quae
581 4129 617 4203 iu
642 4129 837 4229 pathologia
859 4110 1053 4228 requiritur.

267 4243 322 4316 De
358 4248 613 4322 necessitudine
645 4261 782 4336 autem,
819 4275 908 4347 quae
941 4247 1157 4347 pathologiae
1188 4272 1267 4321 cum
1300 4247 1421 4321 clinica
1443 4246 1643 4334 intercedit,
1670 4247 1741 4322 duo

220 4361 323 4436 stiam
348 4365 478 4455 habeo,
504 4393 594 4466 quae
618 4393 774 4445 moneam
786 4377 857 4457 ;‚et
880 4369 1029 4467 primum
1053 4367 1194 4465 quidem
1217 4367 1388 4442 succincte
1407 4367 1649 4466 explicandum
1667 4375 1738 4455 est,

221 4505 391 4578 quaenam
427 4485 564 4560 clinices
598 4489 747 4562 maxime
780 4487 850 4562 sint
881 4487 1035 4585 propria;
1071 4485 1217 4573 deinde,
1249 4489 1335 4584 quid
1358 4487 1573 4585 pathologise
1603 4495 1638 4560 et
1663 4486 1738 4560 the·

220 4601 336 4700 sapiae
369 4605 546 4702 specialis,
580 4631 669 4705 quse
703 4609 883 4694 dicuntur,
912 4607 1123 4682 institutioni
1151 4615 1273 4694 restet,
1300 4608 1431 4680 ratione
1453 4604 1573 4680 habita
1598 4630 1737 4694 eorum,

221 4747 310 4820 quae
336 4723 379 4798 de
405 4727 633 4825 pathologicis
658 4728 785 4804 studiis
810 4728 846 4802 in
871 4728 1024 4802 medium
1050 4727 1118 4800 iam
1146 4727 1284 4824 protuli.

269 4843 440 4924 Clinicam
467 4849 569 4924 modo
592 4847 627 4924 in
656 4851 749 4926 hunc
775 4849 918 4924 medum
940 4847 1209 4945 circumscripsi,
1241 4855 1281 4920 ut
1302 4845 1347 4920 sit
1369 4845 1600 4945 diagnostioe,
1621 4846 1737 4921 obser·

1549 4969 1595 5040 13
