4864 6180
832 653 1111 722 ORATIO.
1697 657 1743 724 dh

222 863 313 952 dixi,
347 861 464 938 reterri
494 871 691 960 nequeant,
724 887 809 952 sau,
842 863 925 961 quia
953 863 1146 938 materiales
1176 863 1326 962 corporis
1351 865 1561 939 mutationes
1584 864 1743 942 nondum

224 982 306 1084 satis
335 992 609 1082 cognoscuntur,
643 1008 705 1060 seu
737 985 820 1082 quia
853 984 989 1058 illorum
1020 983 1257 1084 interpretatio
1279 978 1436 1058 nondum
1461 983 1610 1083 perlecta
1633 993 1741 1084 atque

220 1103 380 1179 absoluta
409 1114 472 1178 cst.
523 1101 772 1180 Verumtamen
809 1105 932 1178 horum
960 1128 1099 1203 quoque
1129 1107 1222 1178 recte
1254 1103 1543 1180 observandarum
1574 1113 1610 1180 et
1638 1105 1741 1180 aesti-

224 1224 430 1300 mandorum
455 1223 599 1302 facultas
618 1223 740 1299 nititur
757 1249 872 1298 rerum
894 1224 1204 1324 physiologicarum
1217 1222 1557 1323 etpathologicarum
1575 1226 1741 1301 maxime·

226 1369 294 1443 que
319 1345 553 1446 pathologicae
579 1353 755 1418 anatomes
781 1345 863 1419 satis
888 1345 1002 1443 ampla
1026 1345 1231 1444 cognitione.

271 1463 386 1540 Facile
422 1463 647 1564 perspicitur,
683 1487 763 1538 eum
798 1462 1043 1561 professorem,
1076 1463 1136 1536 cui
1166 1470 1300 1561 praeter
1332 1462 1528 1560 religiosam
1561 1487 1743 1565 aegrorum
1792 1523 1794 1532 ,

224 1583 497 1659 observationem
527 1583 564 1658 in
595 1582 821 1670 Nosooonrio,
855 1582 1122 1681 polirlinicarum
1152 1605 1291 1679 quoque
1317 1583 1600 1658 exercitationum
1625 1585 1743 1659 mode·

224 1727 342 1778 ramen
373 1703 595 1778 commissum
631 1711 706 1790 est,
741 1726 961 1800 nequaquam
996 1726 1113 1776 vacare
1147 1702 1240 1776 bend
1273 1701 1445 1802 levissimo
1467 1703 1584 1778 studio
1606 1714 1642 1778 et
1664 1727 1742 1802 pro·

225 1822 366 1898 sessioni
393 1829 570 1896 anatomes
590 1821 836 1921 pathologicae.
887 1821 1007 1896 Huius
1030 1821 1138 1920 igitur
1157 1821 1241 1902 artis
1261 1820 1402 1896 clinicae
1423 1822 1596 1898 institutio
1616 1824 1742 1899 innita·

225 1952 283 2016 tur
312 1941 454 2040 quidem
484 1941 930 2040 pathologico·enatomicae
954 1941 1186 2040 indagationi,
1212 1949 1247 2014 et
1272 1941 1345 2039 ipse
1371 1942 1512 2039 quidem
1535 1970 1616 2019 cum
1642 1945 1744 2019 disci·

225 2062 316 2161 pulis
335 2083 576 2160 quaecumque
601 2061 636 2136 in
663 2061 812 2136 sectione
838 2061 1011 2136 cadaveris
1034 2070 1156 2136 notatu
1178 2060 1284 2159 digna
1305 2072 1508 2152 occurrunt,
1533 2063 1747 2162 comparabit

226 2207 305 2257 cum
340 2182 401 2270 iis,
439 2207 528 2280 quae
560 2182 605 2256 ed
638 2182 733 2280 aegri
766 2182 894 2255 lectum
925 2183 1207 2268 observaverant,
1232 2189 1267 2255 et
1292 2206 1381 2279 quae
1405 2183 1486 2256 inde
1508 2182 1747 2258 concludenda

229 2303 317 2391 sint,
343 2303 519 2390 monebit,
546 2302 606 2376 se'd
633 2302 828 2400 disquisitio
848 2301 923 2400 ipsa
950 2311 985 2376 et
1009 2302 1245 2400 pathologicae
1268 2311 1444 2376 anatomes
1466 2303 1623 2377 studium
1645 2327 1749 2402 pecu·

228 2423 310 2498 liare
329 2423 546 2521 pathologiee
563 2421 744 2521 professori
763 2429 865 2496 erunt
884 2422 1119 2520 relinquenda.
1150 2422 1262 2511 Nem,
1277 2424 1329 2496 sin
1346 2423 1478 2512 minus,
1500 2423 1752 2522 disquisitio-

230 2552 270 2618 ut
306 2543 412 2616 cheul
447 2566 542 2615 nunc
576 2543 713 2640 saepius
747 2543 911 2630 occurrit,
947 2543 1050 2618 nimis
1080 2543 1146 2618 levi
1178 2567 1293 2618 rerum
1321 2543 1442 2618 notitia
1469 2543 1692 2642 defungitur,
1717 2553 1753 2618 et

232 2662 398 2738 statuitur
429 2670 565 2736 tantum
595 2685 712 2736 revera
733 2663 838 2760 hepar
857 2661 1001 2738 cirrhoai
1024 2661 1206 2750 effectum,
1229 2673 1293 2737 ant
1317 2664 1518 2762 pulmonem
1543 2662 1754 2739 tuberculoai

232 2791 427 2880 correptum
452 2807 548 2870 asae,
575 2791 614 2856 ut
637 2784 784 2858 durante
806 2782 900 2880 aegri
926 2782 995 2856 vita
1021 2781 1192 2855 creditum
1217 2783 1339 2856 fuerat.

281 2901 484 2976 Praemissis
519 2901 611 2976 hisee
643 2904 686 2976 de
717 2901 925 3001 pathologici
955 2911 990 2974 et
1016 2901 1131 2975 clinici
1156 2902 1264 2975 studii
1287 2909 1411 2976 natura
1433 2901 1625 2975 luculenter
1649 2925 1754 3001 appa·

233 3031 307 3109 ret,
333 3021 499 3119 quidnam
525 3022 634 3096 valeat
658 3022 833 3120 specialia,
860 3045 950 3119 quae
974 3022 1120 3109 dieitur,
1152 3021 1368 3120 pathologiae
1394 3030 1430 3096 et
1456 3022 1631 3120 therapius
1653 3022 1754 3096 insti·

235 3141 333 3216 tutio.
384 3141 527 3230 Eidem,
560 3141 617 3216 cui
653 3141 793 3229 clinica,
827 3141 891 3216 hae
927 3166 1066 3240 quoque
1093 3142 1311 3240 discipliuae,
1348 3151 1388 3215 ut
1413 3149 1537 3218 notum
1559 3151 1634 3230 est,
1659 3166 1756 3216 man·

236 3263 336 3337 datae
370 3269 463 3335 sunt
514 3261 583 3338 llis
620 3253 737 3338 autern
768 3261 975 3337 lectionibus
1004 3261 1162 3360 inprimis
1194 3285 1282 3360 opus
1314 3269 1369 3336 est
1398 3263 1443 3335 ad
1471 3261 1661 3359 therapium
1692 3260 1758 3335 rita

237 3381 498 3481 exponendam,
534 3405 625 3480 quae
661 3389 814 3457 versatur
851 3382 887 3456 in
918 3383 1149 3457 remediorum
1181 3382 1215 3454 vi
1242 3389 1348 3478 atque
1380 3380 1549 3469 efficacia,
1584 3387 1758 3478 quatenus

239 3527 306 3576 usu
340 3511 375 3574 et
392 3502 620 3600 “experientia
654 3503 793 3602 cognita
825 3511 926 3590 sunt,
962 3517 997 3576 et
1033 3503 1068 3575 in
1102 3501 1244 3576 diversis
1281 3524 1464 3600 aegrorum
1501 3497 1759 3575 tractandorum

240 3621 412 3698 methodis
436 3622 656 3720 explicandis.

287 3741 354 3814 Pro
377 3739 576 3839 imperfecta
599 3749 714 3816 autem
739 3741 822 3816 artis
843 3751 979 3816 nostrae
998 3741 1194 3815 conditione
1218 3742 1253 3815 in
1274 3743 1487 3839 praesentia,
1511 3742 1625 3817 multa
1643 3741 1758 3816 adhuc

239 3861 275 3936 in
300 3860 496 3960 pathologia
523 3862 661 3961 speciali
687 3862 866 3938 tractanda
892 3873 994 3948 sunt,
1019 3886 1108 3960 qnae
1133 3862 1178 3936 ad
1203 3861 1397 3961 generalem
1424 3861 1657 3961 pathologiam
1680 3885 1759 3959 pro·

240 3980 314 4080 pria
340 3981 524 4084 pertinent.
575 3982 613 4056 Si
638 3981 788 4080 perlecta
811 3982 1043 4080 omnibusque
1066 3981 1218 4056 muneris
1243 3982 1402 4057 absoluta
1424 3988 1515 4055 esset
1540 4006 1596 4055 ars
1620 3989 1758 4068 nostra,

243 4125 306 4176 neo
331 4101 452 4176 vitiosa
480 4109 516 4176 et
546 4102 701 4177 titubans
725 4101 761 4177 in
787 4103 922 4190 multis,
956 4112 994 4176 ut
1021 4126 1114 4178 nuno
1138 4109 1210 4190 est,
1236 4102 1463 4177 aut-omnino
1487 4123 1556 4176 non
1582 4123 1759 4176 smerden·

241 4221 306 4296 dae
339 4231 454 4296 essent
477 4223 633 4321 specialis
661 4231 696 4298 et
719 4224 887 4322 generalis
910 4223 1128 4322 pathologie,
1152 4231 1215 4296 eut
1237 4223 1340 4297 huius
1367 4221 1544 4296 divisionis
1564 4221 1666 4320 longe
1693 4220 1760 4296 alia

242 4339 330 4416 loret
354 4348 487 4417 natura.
537 4343 627 4418 'Pam
655 4343 748 4418 eninr
775 4352 846 4419 tota
871 4343 1068 4442 pathologia
1081 4391 1127 4406 -
1141 4343 1370 4442 amplitudine
1385 4349 1523 4418 tautum
1538 4340 1699 4416 differens
1714 4340 1759 4414 ab

244 4485 304 4547 ee,
342 4486 432 4562 quaa
464 4485 557 4538 nunc
590 4465 759 4562 generalis
793 4472 932 4540 vocatur
959 4509 1004 4526 --
1033 4463 1130 4538 iuxta
1152 4464 1309 4538 clinicam
1332 4463 1447 4538 locum
1470 4471 1611 4536 teneret.
1661 4461 1760 4536 Haec

243 4589 360 4656 autem
393 4581 429 4656 in
465 4581 660 4657 morborum
693 4581 925 4681 diagnostice,
957 4581 1194 4657 observatione
1222 4591 1257 4657 et
1281 4583 1434 4681 therapia
1458 4605 1598 4656 ornnem
1620 4603 1761 4682 operam

243 4709 482 4790 consumeret,
513 4702 641 4800 quibus
669 4701 859 4801 disciplinis
887 4701 996 4777 solida
1023 4703 1240 4802 pathologiae
1264 4703 1416 4802 cognitio
1442 4710 1534 4778 esset
1559 4701 1658 4800 qnasi
1681 4699 1761 4778 fun·

245 4820 460 4898 dementum.
520 4822 639 4898 Hodie
672 4847 750 4898 vero
782 4835 817 4898 et
847 4823 883 4897 in
916 4823 1012 4898 libris
1049 4832 1084 4898 et
1120 4823 1156 4898 in
1192 4823 1397 4899 lectionibus
1428 4821 1473 4898 de
1508 4829 1583 4898 arte
1620 4822 1761 4911 annua,

1517 4939 1592 5018 13*
