4864 6180
864 712 1143 780 orario.
1363 749 1366 755 -
1703 689 1769 782 rur

241 918 432 1018 ulmingio
462 926 579 994 nostro
609 918 777 1017 gaudium
811 909 930 1008 offert,
963 921 1115 1020 epatium
1141 920 1228 994 illud
1261 917 1364 994 nimis
1397 929 1610 1020 augustum,
1629 923 1672 996 in
1690 947 1769 1022 fquo

242 1038 521 1138 discipult,..i110
548 1040 638 1114 duca
668 1050 707 1114 ot
740 1041 879 1138 auspice
907 1041 975 1139 ipsi
1001 1066 1037 1115 re
1063 1049 1223 1115 exercent
1251 1041 1416 1129 secando,
1442 1041 1678 1131 dilacerando,
1695 1043 1767 1118 mi»

241 1157 459 1258 aucupium
485 1159 707 1247 adhibendo,
740 1159 950 1258 propemodo
980 1161 1182 1260 amplificari
1212 1169 1247 1234 et
1279 1161 1465 1235 emendari.
1510 1163 1664 1261 Insuper
1690 1187 1766 1238 mu·

239 1303 343 1354 auum
378 1279 712 1378 palacontolcgicum
742 1280 951 1354 collectione
987 1279 1250 1379 patrefactorum
1283 1289 1446 1354 emoute
1469 1282 1519 1355 St.
1548 1281 1642 1355 Petri
1663 1305 1769 1382 prope

241 1398 581 1487 Mose-Traiectum,
614 1398 705 1472 dono
728 1399 793 1472 ciri
813 1399 962 1473 consult.
991 1400 1136 1487 Cetius,
1162 1399 1410 1498 locupletatum
1430 1409 1499 1476 est.
1616 1417 1621 1426 '

295 1519 351 1594 Da
379 1519 582 1594 laboratorio
605 1518 777 1606 chemico,
809 1544 904 1592 mora
927 1519 1046 1607 solito,
1073 1544 1141 1594 nou
1166 1519 1233 1593 nisi
1255 1520 1387 1617 optima
1409 1527 1590 1594 testantur.
1642 1522 1770 1598 Omnia

242 1639 337 1714 uene
362 1663 411 1712 ae
434 1639 594 1726 -lrcbent;
626 1639 771 1713 utinum
801 1638 906 1712 huius
938 1639 1282 1736 laboreturiioptimi
1305 1647 1436 1712 creator
1459 1641 1587 1713 et=duu
1613 1642 1768 1738 proximo

152 1849 155 1856 Ι
247 1782 339 1833 anno
360 1759 434 1855 ipse
457 1759 520 1832 hoo
544 1768 579 1832 et
606 1758 650 1830 de
673 1783 710 1831 se
738 1757 814 1855 ipso
839 1759 931 1842 idem
957 1768 1081 1834 testare
1104 1760 1232 1856 possitl
1761 1773 1764 1780 '

288 1877 432 1950 Hortus
456 1876 637 1950 botuuious
663 1877 791 1950 multos
818 1877 948 1975 accepit
973 1901 1078 1952 noves
1095 1879 1238 1975 plautae
1263 1902 1305 1950 ex
1336 1877 1438 1950 lrortu
1466 1878 1679 1976 bogorienci,
1705 1880 1767 1976 qui

245 1995 284 2070 iu
302 1979 591 2068 insolescens-est.
608 1994 876 2068 fermentatione
895 1995 970 2068 eliis
988 1996 1230 2094 etiemplautis
1248 1997 1496 2095 locupletatae,
1515 1998 1663 2072 calderio
1681 2019 1768 2074 novo

246 2117 377 2215 optime
409 2125 606 2190 constructo
637 2115 812 2213 gaudena,
848 2139 965 2190 revera
999 2117 1097 2190 floret
1122 2116 1180 2190 ille
1199 2116 1403 2214 plantarum
1440 2125 1475 2189 et
1507 2117 1630 2192 florum
1663 2121 1768 2195 looua.

248 2237 318 2310 Sed
350 2261 422 2336 quo
446 2236 534 2334 quis
563 2235 773 2309 divitiores
809 2237 1046 2332 postulantior.
1113 2236 1308 2310 Verendum
1334 2261 1458 2334 nempe
1483 2247 1555 2325 eet,
1588 2254 1631 2312 ua
1655 2239 1768 2313 calde-

248 2356 338 2429 rium
374 2381 521 2442 novum,
557 2354 893 2454 propterinsignem
923 2365 958 2429 et
979 2379 1120 2454 :semper
1148 2369 1401 2430 accrescentem
1426 2359 1619 2455 plantarum
1649 2381 1770 2431 nume·

246 2501 328 2550 rum
365 2475 462 2548 bravi
500 2475 604 2549 nimis
641 2485 830 2572 augustum
869 2475 1027 2549 futurum
1066 2477 1120 2550 sit.
1172 2478 1241 2550 Sed
1275 2477 1403 2550 suturis
1426 2471 1660 2574 relinquamus
1683 2499 1772 2574 quae

246 2595 367 2670 futura
395 2605 490 2669 suut.
541 2595 594 2668 De
617 2596 746 2669 Museo
762 2595 929 2668 ·botauico
955 2596 1086 2695 optime
1111 2598 1214 2670 etiam
1242 2607 1388 2670 testetur
1413 2597 1615 2694 Miqucllius
1641 2607 1772 2686 noster,

249 2715 379 2813 quippe
422 2715 515 2811 quod
551 2715 755 2788 collectione
799 2724 1076 2814 praeparatorum
1119 2741 1209 2813 quae
1251 2717 1415 2790 dicuntur
1456 2716 1773 2815 uricroscopioorum

247 2833 496 2931 locupletatum
533 2841 608 2922 eet,
637 2840 680 2906 et
712 2835 823 2907 multa
858 2860 878 2908 e
914 2834 1071 2907 herbario
1106 2835 1293 2922 Leideusi,
1324 2835 1385 2908 cni
1412 2835 1614 2933 Miquellius
1639 2844 1773 2933 praeest

248 2953 389 3050 accepit.
441 2954 606 3026 Muoeum
638 2951 854 3050 geologicum
885 2952 1043 3026 ditatum
1077 2960 1129 3025 cst
1161 2976 1287 3050 megae
1312 2951 1510 3026 collectione
1535 2953 1772 3042 mineralium,

250 3072 330 3146 ueui
351 3072 387 3145 iu
411 3071 617 3145 lectionibus
640 3071 859 3168 praesertim,
874 3071 1020 3146 :idonea
1820 3169 1822 3175 ,

299 3191 417 3265 Musei
447 3190 581 3288 physici
615 3190 738 3265 ducem
774 3217 866 3269 nunu
899 3192 1064 3289 collegam
1088 3190 1432 3266 aestumatissimum
1464 3193 1691 3290 Enyo-Ballot
1721 3215 1773 3266 se·
1822 3179 1824 3191 ¹

251 3313 413 3386 lutamua.
479 3311 630 3384 Maxime
665 3311 698 3384 ei
723 3311 950 3412 ,gratulamur
986 3312 1101 3410 ipsum
1140 3320 1280 3385 nactum
1316 3334 1391 3382 esca
1426 3311 1520 3408 quod
1557 3311 1775 3385 vehementer

248 3431 318 3505 eibi
348 3431 512 3528 optabat:
542 3443 685 3530 partem
714 3432 896 3531 euscipere
925 3432 1079 3506 muueris
1107 3431 1258 3529 collegae
1288 3431 1396 3504 nostri
1420 3431 1546 3504 emiriti
1573 3455 1635 3505 von
1662 3433 1773 3521 Reae,

253 3549 535 3650 quaatphysioam
558 3551 863 3650 exporimentalem
889 3550 1217 3638 diotumcontinat,
1236 3551 1435 3624 ‘matheseos
1463 3551 1644 3650 disciplind
1669 3577 1774 3650 quam

254 3669 432 3768 hucusque
451 3670 682 3768 Rupe-Bullot
702 3671 876 3758 tradebat,
898 3696 959 3769 pro
977 3683 1073 3769 parte
1095 3695 1183 3744 novo
1201 3671 1351 3768 collegae
1373 3679 1489 3744 nostro
1509 3672 1659 3746 Grinwis
1678 3696 1774 3750 meu·

255 3787 348 3862 datu.
399 3789 474 3862 Iam
509 3799 650 3888 apparet
682 3791 947 3887 postulationem
978 3791 1089 3888 magis
1121 3789 1311 3862 iuventutis
1341 3815 1445 3887 qnam
1476 3793 1664 3865 senectutis
1690 3818 1775 3868 essa.

258 3907 395 3981 Etenim
430 3908 539 3983 multa
569 3910 770 4007 amplificari
795 3921 830 3983 et
853 3911 973 4008 angeri
995 3921 1136 4008 cuperet
1161 3935 1271 3983 novus
1299 3910 1412 3982 Musei
1436 3909 1567 4008 physici
1594 3911 1685 3999 dux,
1710 3914 1776 3986 etsi

255 4028 364 4102 multa
394 4030 430 4102 in
468 4030 599 4127 optimo
636 4041 729 4105 statu
763 4031 887 4104 versari
920 4040 1018 4128 grato
1048 4030 1166 4103 animo
1197 4031 1405 4127 profiteatur.
1457 4031 1536 4102 Non
1570 4041 1624 4103 est
1657 4041 1774 4105 autem

255 4147 351 4244 quod
380 4149 563 4237 reticeam,
598 4149 698 4224 illum
726 4150 953 4224 antecessoris
989 4159 1066 4224 vote
1094 4158 1230 4224 tanturn
1261 4149 1471 4246 exprimere,
1498 4149 1558 4245 qui
1581 4173 1668 4225 nova
1692 4175 1776 4225 non·

256 4386 355 4459 cendi
387 4389 625 4487 opportunitas
656 4391 814 4477 daretur,
849 4389 1054 4463 iamdudum
1090 4389 1329 4487 postulaverat.
1390 4388 1459 4460 Sed
1490 4399 1544 4476 tu,
1569 4391 1777 4466 iuvenilibus
1883 4409 1887 4414 “

258 4506 394 4580 uiribus
427 4510 599 4606 postulare
632 4533 776 4608 perges,
810 4508 1359 4606 coniunctissime-Buys·Ballot,
1384 4518 1420 4580 et
1442 4508 1478 4580 iu
1500 4508 1563 4582 hoc
1585 4523 1624 4581 ut
1645 4503 1778 4584 insiliis

255 4627 482 4700 antamscuris
501 4630 697 4726 exemplum
721 4630 885 4727 sequaris.
912 4629 1056 4726 Optima
1078 4629 1177 4726 signe
1193 4627 1375 4724 sequeris,
1395 4627 1430 4698 in
1452 4627 1503 4699 his
1516 4627 1631 4725 cignis
1654 4629 1777 4704 vinces.

302 4747 360 4820 sDa
389 4747 615 4822 ¹Iuaborutorio
634 4748 880 4848 physiologico
919 4758 1030 4821 tacere
1068 4769 1135 4820 uon
1159 4746 1267 4833 licet,
1304 4747 1369 4819 etei
1403 4747 1596 4820 laboratorii
1634 4749 1779 4824 chemioi

258 4867 303 4964 ad
341 4867 557 4964 exemplum,
598 4869 720 4942 multis
756 4869 867 4942 verbis
898 4892 966 4941 non
1002 4867 1166 4966 indigent.
1228 4867 1426 4941 Clarissimo
1465 4867 1622 4941 Dcnders
1653 4869 1686 4942 in
1721 4869 1779 4943 illo
