4918 6174
662 571 704 643 lt
1173 573 1211 640 G.
1248 575 1279 640 F.
1316 576 1354 640 li.
1388 571 1676 640 sunrnunn

662 777 811 856 fecultm
852 789 917 858 est.
981 781 1162 860 sineret
1206 781 1313 880 igitur
1351 781 1487 880 plantes
1528 776 1748 856 medicinales
1789 785 1889 852 nctus
1930 799 2007 854 esee
2047 776 2089 853 iis
2126 776 2187 873 qni

661 895 744 974 talia
775 907 918 996 parant,
950 907 987 974 et
1018 924 1097 978 ecce
1123 900 1253 978 redacti
1288 922 1412 978 sumus
1441 899 1485 976 cd
1513 897 1739 984 rlricotcmos,
1774 896 1895 993 quales
1918 902 2019 970 retur
2041 894 2184 974 Graecis

660 1014 830 1094 meeber!

711 1134 868 1210 Profecto
887 1137 1022 1213 confido
1049 1136 1121 1212 fore
1147 1147 1186 1212 ct
1210 1137 1367 1214 medicus
1392 1161 1455 1214 auc
1486 1159 1584 1214 arma
1609 1135 1683 1234 ipre
1711 1157 1915 1244 cognoscere
1948 1133 2029 1210 velit
2051 1143 2086 1210 et
2109 1134 2183 1213 illae

659 1254 775 1351 copias
795 1254 869 1351 ipse
896 1253 1080 1353 inspicere,
1110 1255 1201 1332 unda
1232 1255 1306 1333 sine
1335 1257 1444 1330 dubio
1469 1255 1612 1354 postlrm
1637 1254 1742 1335 etiem
1765 1253 1845 1328 nori
1870 1252 2003 1350 ahquid
2026 1261 2183 1332 etentes

659 1371 809 1446 inauditi
831 1373 1048 1470 proditurum
1071 1381 1134 1449 est.

664 1541 667 1553 ·
710 1491 904 1570 Careamus
937 1517 980 1571 ca
1006 1491 1207 1592 disciplinae
1238 1496 1274 1571 in
1306 1495 1360 1572 his
1384 1494 1533 1570 officium
1568 1505 1630 1572 aut
1662 1493 1847 1570 immodice
1877 1515 2087 1590 augeamus,
2119 1501 2182 1570 cut

657 1612 811 1710 maligne
833 1612 1041 1688 minuamus.
1094 1613 1230 1690 Horum
1255 1613 1324 1688 rim
1344 1613 1583 1690 absconditum
1608 1611 1858 1712 utplurimum
1880 1611 2030 1710 populus
2056 1612 2180 1711 reperit

657 1742 719 1810 aut
753 1730 989 1810 tentabundus
1024 1739 1086 1811 act
1120 1755 1203 1810 casu
1236 1732 1377 1810 fortuito
1408 1741 1470 1812 cut
1504 1733 1584 1808 rudi
1617 1731 1781 1830 empirie,
1819 1755 1909 1828 quae
1940 1731 2061 1808 multis
2088 1732 2181 1808 haud
2301 1785 2305 1792 -

658 1849 766 1928 dubie
789 1850 859 1925 vite
885 1852 1057 1939 constitit,
1083 1859 1120 1928 at
1145 1862 1324 1951 propterea
1350 1853 1385 1927 in
1411 1853 1503 1928 iusto
1528 1853 1656 1930 honore
1680 1874 1755 1926 esee
1780 1859 1941 1927 meretur.
1993 1852 2048 1926 De
2075 1852 2179 1950 pluri·

657 1971 726 2050 inis
752 1995 897 2069 peregre
929 1972 1105 2049 translatis
1141 1997 1243 2048 unam
1277 1997 1430 2048 memoro
1465 1971 1602 2058 licam,
1637 1994 1727 2069 quse
1750 1969 1833 2046 clim
1858 1979 1934 2046 aret
1956 1971 2179 2070 popularibus

658 2090 730 2161 suis
771 2113 838 2163 usu
871 2098 972 2177 nota,
1005 2102 1192 2189 antequam
1225 2103 1277 2165 est
1311 2091 1356 2165 cd
1388 2115 1451 2166 nos
1483 2101 1685 2169 transiecta.
1739 2089 1854 2166 Multa
1888 2090 1965 2166 siue
1995 2089 2103 2167 dnbio
2134 2091 2178 2172 de

656 2233 784 2306 genera
815 2209 879 2284 hoc
915 2209 1054 2286 latitant
1085 2211 1198 2288 adhuc
1224 2209 1259 2286 in
1290 2211 1359 2286 cris
1386 2212 1525 2310 tropicis
1552 2211 1659 2308 digne
1677 2209 1873 2306 cognitione
1900 2216 1936 2287 et
1958 2210 2176 2309 experientia.
2250 2222 2254 2230 '

704 2328 900 2405 Medicinae
926 2328 1088 2408 cethaee
1115 2329 1231 2408 omnia
1257 2331 1433 2428 explorare
1460 2330 1722 2406 etdiscernere.
1773 2327 1940 2407 Bctanica
1972 2353 2027 2404 ere
2060 2329 2176 2420 dccet,

656 2447 685 2524 si
709 2447 823 2544 ipeem
844 2449 997 2546 plantem
1017 2461 1079 2524 cut
1102 2451 1240 2548 plantae
1263 2460 1395 2548 partem
1421 2450 1571 2528 neuneu
1592 2447 1764 2548 potnerit,
1789 2448 1881 2524 illam
1909 2450 1959 2524 sic
1988 2449 2178 2526 derenbere

653 2579 693 2642 ut
722 2567 864 2664 posthac
893 2591 975 2648 eum
998 2569 1076 2646 eliis
1101 2594 1170 2646 nou
1202 2571 1311 2668 possit
1348 2569 1525 2648 conlundi.
1576 2569 1759 2644 Praetores
1788 2569 1999 2644 mtumlium
2034 2567 2177 2646 riuum

653 2709 730 2764 rura
751 2687 919 2784 cognitio,
946 2689 975 2764 si
1003 2687 1073 2764 sola
1098 2689 1241 2785 empiria
1266 2689 1330 2764 niti
1354 2689 1527 2774 nolueris,
1551 2712 1658 2764 uranu
1683 2687 1781 2762 ducit
1802 2689 1847 2762 ad
1870 2687 2123 2787 reperiendum.

702 2805 857 2880 Multum
882 2805 980 2882 abest
1006 2815 1044 2883 ut
1072 2805 1108 2880 in
1138 2805 1201 2882 hcc
1226 2826 1354 2905 genere
1378 2816 1413 2882 et
1439 2807 1598 2882 butanica
1627 2831 1682 2884 cre
1714 2815 1749 2882 et
1787 2807 1921 2884 medice
1946 2809 2177 2906 praestiterint

513 3023 520 3030 .
652 2923 768 2997 omnic
793 2949 882 3022 quoe
906 2934 1078 3023 praestem
1098 2926 1242 3024 possint.
1295 2928 1437 3004 Plantae
1465 2926 1566 3002 utiles
1584 2936 1620 3001 et
1640 2926 1824 3024 plerceque
1848 2927 2071 3004 medicinales
2094 2951 2178 3026 quar

650 3042 765 3116 adhuc
796 3045 955 3117 novimus
982 3044 1166 3119 duodecim
1193 3045 1339 3119 millium
1369 3069 1551 3120 numerum
1588 3046 1745 3145 explent,
1780 3048 1887 3146 duplo
1923 3048 2086 3123 creiorem
2113 3071 2175 3122 nu·

650 3187 919 3262 menumquam
954 3191 1041 3264 quas
1072 3165 1250 3240 Liuncccs
1284 3176 1425 3242 normal
1458 3167 1593 3264 plantes
1626 3191 1756 3243 omnes
1809 3167 1880 3242 Sed
1911 3168 2098 3244 multarum
2133 3166 2175 3240 de

651 3281 706 3358 lris
728 3284 852 3360 notitia
872 3284 1063 3360 admodum
1089 3309 1211 3360 mance
1233 3293 1268 3360 et
1290 3285 1489 3384 imperfecte
1516 3295 1579 3362 est.
1631 3287 1745 3392 Nemo
1769 3288 1837 3362 hcc
1857 3289 1923 3364 arti
1943 3287 2093 3386 imputet
2116 3297 2177 3364 ent

653 3403 697 3476 dc
721 3404 895 3480 cultorum
927 3403 1099 3483 industrie
1133 3403 1279 3480 dubitet
1330 3405 1475 3482 Factum
1509 3413 1562 3478 est
1590 3415 1728 3493 actem,
1761 3406 1856 3506 quod
1881 3405 1924 3480 iis
1950 3405 2110 3480 mennas
2131 3404 2176 3482 ad

652 3533 780 3596 certam
821 3523 1056 3620 cognitionem
1093 3524 1283 3600 cameraria
1319 3525 1519 3623 saepissime
1549 3547 1615 3598 non
1647 3525 1783 3623 integre
1813 3525 1964 3600 effertur.
2018 3525 2174 3601 Multum

653 3650 755 3716 nocet
779 3641 845 3714 arti
871 3641 1049 3718 hominum
1077 3641 1353 3720 benevolentium
1383 3644 1595 3741 ignorantie,
1615 3644 1844 3720 nescientium
1865 3644 1950 3742 quid
1972 3643 2173 3742 praesertim

653 3761 868 3858 requiratur,
893 3771 1019 3836 nocent
1040 3762 1100 3861 qui
1127 3762 1284 3840 mnsnltc
1308 3763 1473 3838 nonnulle
1497 3765 1681 3840 occultent.
1731 3763 1782 3836 Ut
1814 3762 1984 3839 industria
2015 3787 2078 3838 sue
2108 3761 2175 3840 sibi

652 3878 757 3956 habet
778 3903 917 3968 arcena,
943 3905 1032 3982 quae
1057 3882 1144 3958 celet
1167 3882 1290 3960 redula
1319 3883 1401 3958 artie
1429 3883 1592 3970 cultores,
1617 3905 1830 3980 quamquam
1854 3882 1930 3980 ipsc
1953 3892 2006 3956 est
2034 3905 2076 3956 er
2100 3887 2173 3956 arte

652 3999 841 4096 plurimum
863 4000 1005 4088 edicte,
1030 4002 1079 4076 sic
1100 4001 1228 4078 dantur
1250 4027 1374 4078 arcana
1393 4002 1661 4088 medicamenta
1686 4001 1715 4074 si
1739 4011 1820 4076 nota
1842 4023 1922 4100 pare
1938 4001 2078 4098 plantae
2101 4008 2173 4084 est,

651 4119 727 4217 ipsc
757 4103 877 4216 planta
904 4119 1127 4198 absconditur
1155 4133 1217 4196 *act
1249 4147 1293 4196 ne
1321 4133 1520 4220 exportetur
1549 4121 1686 4218 pontice
1716 4121 1868 4196 sancitur
1899 4122 2003 4198 ctiam
2035 4119 2173 4217 capitali

651 4263 772 4336 poene.
823 4239 973 4314 Necesse
1004 4249 1057 4316 eet
1086 4241 1212 4338 igitur,
1250 4253 1288 4315 ut
1322 4243 1405 4318 artis
1439 4241 1590 4316 cultores
1619 4241 1813 4318 coniunctis
1845 4241 1976 4318 viribus
2005 4248 2172 4314 conectnr

650 4360 812 4433 avaritiae
832 4367 867 4432 et
893 4358 1048 4434 inscitiae
1075 4360 1318 4436 nonnullorum
1349 4386 1389 4438 ea
1410 4371 1612 4458 extorquere
1636 4380 1725 4458 quae
1747 4360 1919 4435 debentur
1941 4356 2173 4434 communiter

651 4479 823 4554 omnibns.
874 4479 921 4552 Et
949 4479 1116 4578 quoniam.
1135 4503 1227 4556 nunc
1253 4480 1357 4577 vulgo
1377 4478 1556 4556 betericus
1579 4478 1682 4554 desiit
1703 4479 1859 4555 medinm
1879 4501 1972 4577 esec,
1999 4499 2040 4552 ec
2060 4475 2173 4574 magn

652 4599 843 4694 optandum
869 4608 921 4673 cst
951 4609 998 4675 ut·
1015 4598 1171 4702 medicus
1199 4599 1245 4676 sit
1270 4601 1353 4674 artie
1381 4599 1558 4678 botanicce
1590 4608 1770 4696 tantopere
1794 4596 1926 4696 peritus
1954 4609 1993 4672 ut
2019 4595 2171 4672 iudicare

649 4717 759 4816 possit
784 4741 896 4814 quam:
909 4743 1010 4816 opem
1036 4743 1058 4794 a
1080 4718 1240 4796 bomnicc
1263 4729 1441 4818 expectare
1468 4727 1529 4794 aut
1555 4727 1673 4814 petere
1698 4719 1805 4793 liceat.
