4918 6174
664 589 705 658 18
1170 589 1210 659 G.
1246 591 1678 662 r.u.sua1reau

714 917 794 991 Non
819 916 924 992 unius
948 915 1148 1016 disciplinae
1172 915 1256 992 haec
1280 917 1368 992 ratio
1394 929 1467 1007 eat,
1500 919 1621 994 eadem
1652 925 1708 994 est
1737 919 1895 994 omnium
1918 919 2186 1018 disciplinarum.

665 1035 845 1112 Lubenter
887 1035 1059 1126 latemm,
1108 1061 1177 1112 nou
1221 1044 1320 1112 curat
1365 1038 1402 1113 in
1441 1037 1638 1136 quaerendo
1680 1037 1882 1136 discipliuae
1915 1039 2050 1127 cultor,
2095 1035 2190 1136 quod

665 1156 938 1233 emolumentum
973 1157 1117 1234 fortasse
1146 1164 1226 1256 post
1258 1157 1387 1232 multos
1422 1181 1531 1232 annos
1565 1157 1709 1232 maistas
1735 1158 1889 1233 humana
1924 1183 1967 1234 ex
1999 1182 2042 1234 ea
2071 1182 2108 1232 re
2146 1155 2191 1230 ait

664 1282 878 1376 perceptura.
929 1276 1037 1352 Nulla
1063 1275 1298 1378 praeiudicata
1319 1277 1482 1376 opinione
1505 1276 1714 1376 impeditus,
1746 1284 1782 1352 et
1807 1277 1985 1354 scientiam
2007 1277 2054 1352 ob
2083 1282 2191 1352 semet

665 1395 776 1495 ipsam
802 1395 952 1496 diligens
977 1397 1113 1496 quaerit
1138 1395 1233 1496 quod
1257 1395 1325 1470 sibi
1352 1396 1567 1496 propositum
1592 1405 1646 1470 est
1670 1396 1717 1471 ad
1741 1397 1998 1496 quaerendum,
2030 1403 2067 1470 et
2089 1395 2126 1470 in
2149 1418 2190 1470 eo

666 1515 757 1590 vitae
785 1515 985 1591 felicitatem
1007 1515 1117 1615 ponit.

713 1633 794 1710 Nisi
824 1634 904 1734 quis
936 1635 1053 1710 animo
1085 1634 1134 1711 ita
1165 1633 1308 1710 ardente
1339 1642 1375 1708 et
1408 1633 1623 1710 inflammato
1658 1644 1694 1710 et
1722 1636 1759 1711 iu
1791 1661 1907 1712 rerum
1941 1635 2192 1734 praeclararum

666 1753 928 1831 admirationem
953 1752 1098 1854 abrepto
1129 1761 1220 1830 esset
1250 1753 1446 1854 praeditus,
1481 1778 1551 1830 non
1579 1779 1700 1830 omnes
1731 1779 1914 1832 aerumnas
1938 1763 1975 1830 et
1998 1755 2132 1830 labores
2156 1752 2192 1826 in

666 1897 704 1948 re
735 1873 908 1974 praeclara
940 1873 1001 1948 sed
1034 1897 1136 1974 saepe
1164 1873 1274 1950 ardua
1294 1873 1469 1950 exantlare
1493 1882 1530 1950 et
1554 1873 1702 1975 perlerre
1729 1883 1855 1974 posset.
1905 1875 1986 1950 Nisi
2015 1873 2194 1974 disciplina

668 1990 713 2068 ab
745 1993 820 2068 eius
850 1992 1041 2068 cultoribus
1072 1993 1109 2068 iu
1145 1993 1239 2070 huuc
1276 1992 1419 2068 modum
1457 1992 1522 2068 erit
1557 1999 1716 2091 accepta,
1754 2016 1823 2068 non
1857 1991 1984 2093 poterit
2016 2015 2128 2091 aequo
2158 1996 2195 2065 et

669 2111 786 2188 stabili
822 2135 1007 2213 progressu
1039 2112 1241 2212 amplificari
1275 2119 1312 2186 et
1345 2097 1476 2212 augeri.
1527 2111 1598 2186 Sed
1634 2112 1756 2188 ωάοιιι
1791 2113 1857 2188 nisi
1889 2111 1938 2188 sic
1973 2120 2113 2212 accepta
2146 2116 2196 2204 (et

668 2231 842 2308 societatis
866 2231 1048 2308 hominum
1071 2233 1222 2309 officium
1252 2239 1305 2306 est
1330 2231 1396 2308 hcc
1419 2255 1554 2331 semper
1576 2241 1657 2306 ante
1676 2233 1794 2308 oculos
1817 2231 1958 2326 babere)
1980 2255 2051 2307 non
2071 2230 2196 2331 poterit

668 2349 822 2426 humano
846 2353 963 2451 generi
988 2349 1123 2427 fructus
1146 2350 1234 2426 farre
1259 2357 1295 2426 et
1316 2374 1404 2426 nova
1425 2350 1514 2426 vitae
1536 2349 1628 2426 bona
1651 2359 1686 2425 et
1714 2350 1896 2428 commoda
1917 2373 2048 2451 parare.
2098 2349 2196 2425 Nilril

671 2469 796 2545 horum
819 2495 881 2570 per
904 2470 973 2546 rim
994 2479 1110 2571 potest
1131 2470 1347 2570 extorqueri,
1373 2470 1434 2546 sed
1461 2469 1551 2546 ultro
1573 2479 1784 2560 nascuntur,
1817 2470 1880 2546 ubi
1907 2471 2088 2570 disciplina
2114 2492 2195 2544 suae

535 2653 538 2662 .
669 2597 900 2689 congruenter
934 2598 1078 2666 naturae
1115 2591 1210 2689 large
1245 2597 1282 2663 et
1318 2589 1504 2664 liberaliter
1536 2589 1722 2680 instructa,
1753 2589 1981 2689 aequabiliter
2009 2588 2196 2692 procedens

669 2707 845 2784 excolitur.

717 2827 820 2902 Hanc
845 2825 1103 2926 persuasionem
1131 2826 1275 2902 firmiter
1298 2826 1462 2918 retinete,
1496 2829 1657 2917 iuvenes,
1692 2829 1771 2928 qui,
1796 2839 1933 2928 peracta
1965 2829 2035 2904 vita
2063 2827 2195 2903 Acade·

673 2945 783 3035 mica,
809 2945 1014 3022 muneribus
1039 2945 1211 3022 societatis
1235 2945 1407 3022 humanae
1432 2946 1588 3022 functuri
1612 2946 1705 3023 estis.

720 3064 826 3140 Nunc
851 3064 1008 3141 discendi
1040 3091 1157 3142 amore
1184 3066 1362 3155 ardentes,
1387 3091 1493 3167 quem
1525 3090 1676 3142 amorem
1709 3065 1826 3140 omnia
1851 3065 1887 3140 iu
1922 3065 1986 3140 hac
2013 3065 2197 3140 Musarum

674 3184 755 3260 sede
797 3183 1033 3274 inflammant,
1073 3185 1227 3261 audituri
1266 3187 1349 3262 estis
1390 3186 1576 3286 aliquando
1619 3194 1655 3260 et
1692 3183 1795 3261 eredo
1836 3183 2020 3261 mfutatmi
2062 3182 2198 3260 ecculm

671 3327 809 3392 eorum,
835 3303 896 3402 qui
920 3327 1061 3403 prorsus
1085 3330 1107 3379 a
1131 3305 1294 3381 scientiae
1324 3330 1439 3380 amore
1469 3314 1504 3380 et
1528 3305 1628 3380 cultu
1648 3303 1844 3382 abhorrent.
1896 3304 1995 3380 laeti
2025 3303 2198 3401 accipiunt

673 3421 832 3497 homines
868 3423 1041 3522 quidquid
1074 3422 1157 3498 boui
1191 3449 1235 3498 ex
1264 3423 1524 3525 disciplinarum
1560 3425 1697 3500 cultura
1733 3425 1891 3525 gignitur
1924 3424 1970 3500 ad
2001 3421 2198 3523 aagendam

674 3565 894 3617 communem
929 3541 1180 3618 humanitatem
1216 3553 1278 3619 aut
1305 3544 1349 3618 ed
1375 3544 1636 3643 amplificandas
1663 3569 1746 3642 opes
1771 3551 1807 3620 et
1831 3543 1948 3642 copias
1977 3543 2077 3618 vitae.
2104 3541 2198 3616 aad

673 3684 742 3735 non
777 3660 905 3736 desunt
935 3661 1064 3759 quibus
1095 3660 1227 3762 placeat
1259 3687 1364 3761 quam
1402 3663 1552 3738 maxime
1587 3662 1797 3762 parcimonia
1831 3662 2021 3762 disciplinis
2058 3661 2196 3761 publiea

675 3777 862 3862 subveniri.

724 3899 851 3976 Nescio
871 3924 974 4000 quem
1000 3899 1118 3975 audivi
1151 3899 1342 3976 dicentem:
1378 3899 1407 3975 si
1437 3900 1523 4000 quid
1543 3900 1651 3976 tutela
1675 3900 1815 4000 publiea
1837 3900 1985 4001 dignum
2005 3910 2078 3990 est,
2104 3899 2193 3999 agri·

674 4019 809 4094 cultura
835 4028 887 4095 est
915 4028 951 4095 et
975 4018 1164 4108 industria,
1198 4019 1282 4120 quia
1312 4020 1396 4096 haec
1429 4044 1509 4094 cum
1540 4019 1718 4096 communi
1749 4021 1982 4097 emolumento
2013 4019 2197 4096 coniuncta

678 4145 779 4212 sunt:
816 4137 876 4212 sed
910 4139 965 4214 his
1003 4162 1141 4238 quoquc
1174 4138 1350 4214 subveniri
1386 4147 1521 4239 pugnat
1554 4163 1636 4214 oum
1673 4139 1820 4216 utilitate
1842 4141 2039 4229 communi,
2066 4145 2196 4238 quante

678 4256 790 4356 magis
814 4279 897 4356 ergo
921 4255 1180 4357 disciplinarum
1204 4257 1329 4332 studiis
1353 4256 1528 4332 subveniri
1549 4281 1618 4334 non
1641 4259 1793 4359 oportet!

726 4375 764 4448 Si
797 4399 964 4476 nmquam
994 4375 1047 4450 bis
1082 4375 1207 4452 similia
1236 4377 1389 4464 diceutes
1424 4377 1594 4466 audietis,
1627 4377 1812 4453 admonete
1843 4403 1922 4469 eos,
1954 4377 2040 4479 quid
2068 4375 2112 4452 ab
2141 4376 2194 4452 iu·

676 4495 809 4572 dustria
832 4493 968 4572 differat
994 4494 1155 4585 scientia,
1179 4503 1215 4572 et
1240 4521 1347 4596 quam
1367 4495 1501 4572 diversa
1527 4497 1572 4572 sit
1596 4494 1798 4587 subventio,
1824 4497 1925 4574 cuius
1951 4494 2095 4572 scicntia
2116 4502 2195 4594 eget

677 4614 721 4691 ab
746 4615 804 4690 illa
824 4615 1072 4707 subventione,
1097 4640 1203 4716 quam
1227 4615 1295 4692 sibi
1318 4639 1581 4716 nonnumquam
1608 4615 1781 4693 industria
1804 4615 2001 4717 postularit.

725 4735 907 4813 Quantum
945 4736 1015 4812 scio
1053 4735 1256 4812 subvenitur
1291 4735 1394 4812 alicui
1427 4729 1517 4834 parti
1547 4735 1737 4812 industriae
1772 4735 1809 4810 iu
1842 4735 1936 4810 hunc
1975 4735 2120 4810 modium
2157 4741 2196 4808 ut
