4868 6180
1152 579 1346 647 SERIES
1378 577 1706 646 LEGTIOMUM.

767 787 972 888 Obymiem,
998 809 1087 886 quae
1112 785 1318 888 nnorgenica
1343 793 1502 876 vocetur,
1530 782 1686 875 docebit,
1710 784 1832 861 iiadam
1858 783 2001 876 diebur,
2028 785 2110 864 hore
2131 786 2188 862 xJ.

769 909 891 984 Artem
917 903 1231 1006 pharmaceuticum
1256 905 1477 980 theoreticam
1502 912 1538 979 at
1562 901 1866 1004 experimentdom
1892 927 1996 1006 crpo-

816 1033 895 1115 net,
920 1024 1045 1099 diebus
1066 1023 1186 1098 Lunae
1210 1033 1246 1097 et
1269 1023 1434 1100 Mercurii
1443 1075 1994 1112 ................
2118 1024 2190 1100 XM.

768 1145 1013 1222 oeconomiam
1041 1142 1187 1216 ruralem
1215 1142 1349 1230 tradat,
1375 1141 1499 1216 diebua
1522 1142 1648 1218 Martia
1672 1151 1708 1218 et
1732 1143 1843 1233 ionia,
1877 1203 1885 1220 .
1914 1201 1922 1221 .
1950 1202 1960 1220 .
1988 1201 1998 1220 .
2120 1147 2189 1220 Mi.

770 1265 952 1364 Obymiom
978 1260 1198 1338 theoreticam
1225 1269 1393 1362 exponet,
1419 1257 1548 1334 diebua
1568 1259 1659 1334 Iovia
1684 1268 1720 1335 et
1745 1261 1907 1353 Venerio,
1952 1319 1961 1338 .
1988 1321 1997 1338 .
2164 1265 2189 1340 1.

767 1384 1014 1484 Experimento
1045 1379 1252 1456 instituendi
1286 1389 1394 1456 artum
1433 1379 1572 1454 docebit
1594 1387 1633 1456 et
1658 1369 1829 1458 Eremiti'a
1850 1382 1999 1481 practica

817 1505 852 1578 in
879 1502 1103 1579 Loboratnrio
1127 1499 1363 1576 moderabitur
1387 1497 1553 1600 quotidie.

769 1627 861 1701 Cum
898 1621 1069 1697 Studioaia
1100 1619 1368 1720 provectioribus
1400 1619 1443 1696 de
1472 1617 1693 1720 Phyriologia
1716 1619 1872 1722 chymica
1896 1619 1997 1698 eollo-

817 1753 963 1846 quetur,
996 1741 1051 1816 die
1076 1740 1238 1829 Venerio,
1272 1741 1355 1816 hora
1379 1741 1572 1840 vespertine
1580 1797 1997 1830 ............
2025 1740 2189 1816 v—vu.

673 1877 707 1938 F.
727 1873 874 1938 Katane
893 1861 1149 1937 Astronomiem
1167 1861 1388 1936 theoreticam
1404 1861 1538 1950 tradet,
1559 1861 1683 1937 diabur
1698 1861 1839 1952 Lunae,
1855 1861 1998 1950 Martia,

720 1982 885 2058 Mercurii
909 1991 945 2055 et
969 1981 1061 2054 Iovia
1072 2037 1998 2069 ..........................
2136 1981 2190 2056 IX

769 2100 1025 2176 Aatronomiam
1059 2099 1266 2200 practicam,
1298 2099 1421 2174 iisdem
1452 2099 1576 2177 diebus
1588 2159 1925 2190 ..........
1990 2159 1999 2178 .
2152 2101 2191 2176 K

767 2221 948 2296 Theoriem
973 2227 1088 2295 mutua
1111 2243 1289 2319 corporum
1317 2219 1520 2296 coelestium
1545 2220 1672 2310 tradet,
1699 2221 1823 2298 diebua
1848 2230 1884 2296 et
1909 2219 2000 2296 horia

817 2339 1034 2417 auditoribus
1057 2339 1262 2415 commodis.

769 2461 865 2535 Artis
889 2460 1094 2534 observandi
1119 2457 1290 2535 exercitiis
1313 2457 1470 2558 quotidie
1493 2459 1649 2558 praeerit.

770 2580 1048 2668 Aatronomiam,
1069 2603 1172 2678 quam
1196 2579 1396 2678 popularem
1419 2589 1560 2671 vocant,
1578 2581 1691 2656 tradet
1713 2578 1837 2654 diebur
1857 2587 1893 2654 et
1911 2578 2002 2654 borio

819 2698 1036 2773 auditoribua
1058 2697 1261 2774 commodis.

676 2827 708 2889 P.
728 2827 762 2890 L
784 2827 898 2890 RJJKE
940 2814 1121 2914 Pbyeicam
1164 2815 1467 2916 experimentalem
1506 2817 1662 2909 donatia,
1700 2817 1824 2894 diebus
1861 2817 2000 2907 Inone,
2133 2815 2138 2822 ¹

724 2934 867 3022 Mortis,
893 2935 1077 3023 Mercurii,
1103 2937 1194 3012 Iovia
1220 2945 1256 3012 et
1283 2936 1444 3026 Venerio,
1484 2993 2002 3016 ...............
2126 2939 2195 3016 ΧΠ.

771 3055 826 3130 De
848 3055 1012 3154 Physicea
1033 3057 1206 3156 capitibur
1226 3057 1361 3133 coiectis
1385 3057 1487 3132 letina
1507 3067 1544 3132 ot
1560 3057 1671 3134 iueiua
1687 3057 1851 3146 dicarat,
1876 3055 2000 3132 diabur

820 3173 942 3252 Lunae
964 3185 1002 3252 et
1031 3176 1217 3264 Mercurii,
1251 3233 1259 3252 .
1295 3233 1667 3256 ...........
1694 3239 1699 3246 .
1732 3233 1995 3254 ........
2156 3181 2196 3254 K

771 3291 953 3390 Physicam
979 3294 1262 3370 Mctbemetimm
1286 3296 1420 3383 tradet,
1445 3295 1571 3372 dicbus
1593 3297 1718 3371 Martia
1740 3303 1779 3370 et
1806 3295 1919 3386 loris,
1949 3349 1961 3373 .
1990 3351 1998 3372 .
2155 3299 2195 3375 11.

774 3409 1055 3512 Meteorolopiom
1079 3423 1250 3514 exponet,
1275 3415 1332 3490 dio
1358 3415 1472 3505 Ioa‘n,
1521 3469 2001 3496 ..............
2156 3418 2197 3494 L

774 3529 955 3605 Exercitiia
975 3534 1128 3632 phynicia
1152 3534 1312 3633 prectioia
1337 3535 1503 3635 praeerit,
1529 3535 1694 3635 quotidie.

681 3655 715 3716 D.
736 3655 905 3724 mutuus
927 3659 978 3723 Du
996 3663 1113 3728 tittN
1143 3653 1450 3752 Trigooometriam
1476 3654 1613 3753 planam
1640 3653 1777 3753 aliaque
1800 3659 2005 3754 argumenh

729 3787 770 3837 er
798 3767 985 3862 geometria
1009 3770 1113 3868 plena
1134 3773 1313 3863 nudabit,
1337 3773 1463 3850 diebua
1485 3775 1595 3863 Iovia,
1621 3773 1763 3848 Veneria
1781 3781 1819 3848 et
1840 3773 2001 3862 Seturni,
2154 3773 2195 3849 Χ.

779 3883 1040 3963 Aritbmeticnm
1065 3893 1288 3970 universalem
1312 3895 1383 3971 aive
1408 3894 1617 3994 Algebnerr,
1651 3893 1774 3968 diebu
1797 3891 1944 3970 Veneria
1962 3901 2002 3968 et

829 4005 968 4084 Saturni
978 4065 2002 4096 ,,,,,,,,,,,,,,,,,,,,,,,,,,,,,
2142 4015 2197 4090 IX.

783 4124 954 4222 Algebree
977 4133 1161 4228 superioria
1184 4135 1296 4234 capite
1322 4135 1491 4234 quaedum
1514 4143 1553 4209 et
1568 4132 1740 4232 Analpair
1763 4131 2003 4234 Aigabraicam

613 4259 619 4266 '
829 4243 886 4322 die
908 4247 1073 4328 Mercurii
1080 4307 2005 4340 ..........................
2153 4255 2202 4344 11,

882 4364 938 4438 die
961 4367 1052 4443 Iovia
1061 4427 2001 4458 ...........................
2134 4375 2202 4466 lX,

881 4491 916 4557 et
950 4485 1005 4562 die
1040 4489 1200 4581 Saturni,
1234 4547 2004 4570 ......................
2162 4497 2204 4571 li.

786 4603 966 4684 Colentum
992 4608 1274 4702 differentialem,
1296 4611 1356 4688 die
1381 4613 1526 4704 Martia,
1565 4665 2006 4690 .............
2164 4615 2204 4702 i,

886 4732 921 4796 et
946 4726 1001 4800 die
1026 4730 1116 4805 lovir
1126 4783 2004 4818 .........................
2161 4734 2205 4812 11.
