4918 6174
671 655 712 721 12
1173 650 1213 719 G.
1248 651 1282 718 F.
1317 651 1355 717 ll.
1391 649 1676 717 svalauda

721 859 760 934 ai
797 859 877 959 quls
901 859 1051 960 quaerit:
1086 857 1220 959 ecquod
1256 855 1437 956 disciplina
1466 857 1593 957 reperit
1623 855 1815 931 remedium
1841 854 2005 932 adversae
2029 855 2192 936 morbum

670 1005 741 1082 quo
770 995 877 1071 urso,
914 1004 985 1080 quo
1023 979 1132 1055 solani
1168 975 1291 1054 tubera
1325 975 1498 1068 laborant,
1531 978 1695 1053 adversus
1733 974 1889 1050 tineam?
1922 976 2190 1076 respondemusr

545 1177 549 1187 ,
669 1099 834 1176 adversus
861 1123 1006 1175 uvarum
1036 1096 1197 1174 morbum
1232 1103 1407 1195 repertum
1434 1106 1487 1172 est
1517 1097 1710 1173 remedium
1737 1093 1811 1168 sine
1843 1093 2005 1171 scientiae
2034 1120 2099 1197 ope
2129 1105 2191 1174 aut

618 1203 620 1208 ⁵
670 1220 803 1294 ratione
809 1253 819 1310 ;
854 1219 971 1295 solano
998 1218 1161 1293 tuberoso
1185 1239 1255 1315 quo
1278 1215 1480 1292 medeamur
1502 1215 1616 1292 adhuc
1640 1215 1726 1290 nibil
1749 1223 1821 1304 cst;
1846 1216 1974 1292 tineam
2003 1219 2191 1318 exstirpare

666 1336 786 1436 eripias
816 1337 883 1412 alia
917 1336 1049 1412 ratione
1081 1359 1187 1434 quam
1218 1357 1288 1434 qna
1323 1334 1437 1410 adbuc
1465 1334 1595 1411 lactum
1626 1343 1689 1410 est.
1741 1336 1866 1434 Itaque
1895 1336 1931 1410 in
1957 1336 2011 1412 ln's
2033 1339 2190 1416 nondum

665 1481 721 1532 ars
760 1456 798 1530 id
829 1456 1003 1556 praestitit
1040 1454 1136 1556 quod
1173 1454 1219 1530 ab
1256 1454 1315 1529 illa
1351 1455 1510 1530 nonnulli
1545 1455 1777 1555 speraverint?
1825 1455 1970 1546 Fateor,
2008 1467 2044 1532 et
2079 1459 2191 1536 mulla

666 1599 846 1676 superesse
867 1575 1065 1676 quaerenda
1089 1598 1249 1674 agnosco.
1299 1573 1429 1650 Verum
1450 1575 1516 1649 boc
1539 1575 1660 1650 saltem
1683 1574 1831 1663 mus,
1856 1576 2017 1652 morbum
2041 1603 2062 1652 a
2082 1577 2191 1678 fungo

664 1694 816 1794 pendere
847 1701 883 1768 et
915 1694 1155 1793 contagiosum
1188 1717 1281 1782 esse,
1311 1703 1346 1768 et
1374 1694 1574 1794 contagium
1601 1694 1714 1769 inesse
1742 1694 1779 1769 in
1804 1695 1933 1794 sporis,
1958 1721 2110 1796 namque
2130 1722 2191 1797 per

665 1815 751 1890 haee
777 1839 906 1915 organa
928 1815 1005 1890 illos
1028 1813 1259 1912 multiplicari.
1309 1814 1436 1914 Itaque
1467 1814 1531 1890 boc
1562 1815 1710 1902 scimus,
1744 1823 1806 1890 aut
1838 1824 2037 1892 contactum
2071 1819 2191 1894 evitari

664 1942 838 2034 oportere,
869 1940 951 2024 aut,
986 1935 1017 2008 si
1047 1934 1086 2008 id
1117 1933 1192 2008 lieri
1222 1934 1363 2031 nequit,
1399 1934 1558 2034 diligenti
1590 1935 1794 2034 purgatione
1828 1959 1872 2010 ne
1901 1937 2032 2012 malum
2060 1938 2190 2014 oriatur

664 2079 766 2156 posse
791 2055 912 2129 caveri.
964 2054 1071 2133 Quod
1103 2053 1134 2128 si
1166 2052 1292 2128 sonent
1321 2078 1460 2143 omnes,
1496 2053 1591 2153 quod
1624 2055 1655 2129 si
1686 2054 1814 2154 populo
1843 2079 2048 2155 persuasum
2079 2065 2190 2146 essct,

666 2173 849 2248 innostra
881 2175 968 2250 urbe
998 2198 1068 2248 non
1102 2173 1297 2248 videremus
1330 2180 1381 2248 tot
1414 2173 1572 2250 homines
1604 2173 1843 2274 pauperiores,
1877 2201 2027 2274 quorum
2056 2178 2190 2278 capita,

604 2311 617 2334 ⁸
664 2318 728 2393 pro
761 2293 976 2368 naturalibus
1012 2292 1165 2393 capillis,
1202 2293 1349 2368 densum
1382 2317 1507 2392 agmen
1529 2316 1738 2381 mucorum,
1775 2294 1820 2367 de
1856 2295 1984 2392 quibus
2018 2295 2191 2384 diximus,

663 2420 874 2512 contegeret.

713 2533 784 2606 Ubi
817 2531 922 2606 semel
954 2530 1129 2618 constitit,
1156 2530 1270 2606 secale¹
1301 2539 1483 2606 cornutum
1520 2553 1593 2604 esse
1628 2536 1759 2604 statum
1789 2530 1990 2606 morbosum
2024 2531 2190 2631 germinis

663 2661 785 2728 natum
811 2651 996 2750 emyoelio
1017 2649 1119 2749 iungi
1144 2650 1180 2723 in
1206 2649 1282 2724 eius
1306 2651 1375 2724 tela
1404 2649 1620 2737 luxuriante,
1645 2657 1680 2722 et
1707 2648 1893 2747 perlectam
1920 2658 1955 2725 et
1979 2650 2190 2728 fructiferam

663 2769 765 2868 fungi
786 2769 932 2844 formam
957 2767 1226 2867 sequentianno
1247 2793 1266 2841 e
1290 2769 1407 2867 grands
1430 2768 1566 2867 prodire
1590 2791 1680 2865 quae
1702 2767 1738 2841 in
1768 2767 1926 2845 tellurem
1954 2769 2189 2858 seminantur,

663 2888 770 2965 simul
797 2887 977 2976 constitit,
1006 2887 1198 2962 cavendum
1228 2911 1303 2963 esse
1336 2913 1380 2964 ne
1412 2888 1529 2988 granis
1557 2888 1789 2964 disseminatis
1814 2913 1917 2990 aegra
1944 2889 2011 2964 ists
2037 2898 2073 2965 et
2102 2891 2191 2966 male

663 3009 784 3084 habita
805 3008 1026 3083 misceantur.
1162 3015 1168 3026 '

714 3128 909 3228 Diligenter
939 3135 974 3203 et
1005 3125 1135 3200 utiliter
1162 3151 1273 3227 nuper
1301 3131 1496 3229 quaesitum
1528 3139 1581 3204 est
1611 3130 1655 3204 de
1678 3129 2016 3229 metamorphosibus
2039 3153 2190 3228 quorun·

662 3248 742 3322 dom
766 3248 953 3348 fungorum
976 3271 1038 3347 per
1063 3247 1245 3322 continuas
1271 3249 1519 3348 generationes.
1571 3250 1609 3322 Si
1635 3249 1783 3347 ustilago
1816 3248 1983 3323 frumenti
2004 3257 2058 3324 est
2080 3247 2189 3324 forma

661 3367 778 3467 biugi,
804 3368 866 3466 qui
889 3390 950 3465 per
976 3374 1087 3441 certas
1113 3366 1225 3456 vices,
1250 3368 1335 3444 alias
1359 3369 1395 3444 in
1421 3369 1497 3445 aliis
1518 3369 1646 3469 plantis
1670 3368 1797 3444 formas
1822 3368 1957 3456 induit,
1982 3369 2097 3468 palam
2119 3375 2188 3456 est,
2275 3397 2279 3404 ·

661 3486 747 3560 istas
773 3487 907 3586 plantas
929 3486 1098 3561 removeri
1117 3495 1290 3585 oportere,
1311 3513 1355 3564 ne
1374 3489 1519 3564 ulterius
1539 3489 1662 3589 gliscat
1684 3489 1826 3564 malum.

712 3607 810 3686 Quid
832 3606 862 3680 si
885 3631 1001 3682 revera
1024 3615 1221 3706 appareret,
1246 3608 1442 3684 horribilem
1464 3609 1626 3683 omnibus
1649 3607 1820 3686 choleram
1842 3632 1920 3682 cum
1945 3608 2047 3707 fungi
2075 3609 2188 3684 cuius·

663 3725 744 3800 dam
779 3726 999 3825 generatione
1031 3751 1107 3801 esse
1137 3750 1350 3815 connexam,
1385 3738 1516 3827 quanta
1549 3730 1608 3804 lux
1647 3727 1847 3827 affulgeret,
1884 3727 1945 3802 ubi
1979 3752 2072 3803 nnnc
2106 3734 2189 3802 suut

662 3844 789 3918 densae
815 3843 997 3918 tenebrael

714 3964 783 4038 Sed
816 3964 1008 4040 cavendum
1047 3987 1090 4038 ne
1126 3963 1209 4038 artis
1244 3987 1382 4038 cursum
1421 3973 1687 4062 praevertemur.
1739 3949 1830 4041 Quis
1863 3965 2031 4039 affirmare
2065 3963 2190 4052 audet,

663 4083 849 4180 aliquando
873 4081 961 4170 lore,
1000 4087 1040 4154 ut
1070 4081 1163 4156 salvo
1189 4088 1224 4155 et
1259 4081 1393 4181 integro
1419 4082 1616 4180 organismo
1647 4084 1788 4179 parasiti
1821 4084 2001 4182 exstirpari
2018 4092 2062 4158 'et
2085 4083 2190 4158 deleri

662 4201 823 4303 possint?
870 4201 1001 4275 Poterit
1035 4200 1179 4274 fortasse
1208 4201 1258 4275 ita
1281 4203 1365 4278 fieri.
1416 4205 1634 4301 Argumenta
1666 4210 1721 4276 est
1757 4202 1908 4291 scabies,
1933 4203 2029 4301 quod
2059 4203 2189 4278 molum

662 4323 744 4396 olim
778 4319 907 4426 multos
936 4319 1125 4409 absumsit,
1158 4345 1251 4396 nunc
1281 4322 1379 4398 laoile
1415 4331 1556 4398 sanatur
1590 4345 1633 4396 en
1661 4343 1731 4420 quo
1766 4321 1979 4398 intellectum
2013 4331 2081 4408 est,
2118 4346 2189 4420 quo

662 4451 763 4543 pacto
803 4441 931 4516 viveret
969 4440 1192 4540 parositioum
1237 4441 1413 4540 quoddam
1456 4442 1702 4517 animalculum
1740 4441 1822 4516 mali
1860 4452 1895 4518 et
1936 4441 2022 4518 labis
2056 4450 2186 4517 auctor.

601 4643 602 4648 ,
663 4564 833 4651 Omnino,
869 4561 938 4638 nisi
972 4561 1088 4636 omnia
1127 4585 1228 4650 caeco
1267 4563 1363 4636 casui
1398 4569 1433 4636 et
1472 4561 1629 4638 lortuoae
1672 4561 1863 4660 relinquere
1903 4562 2080 4650 volumus,
2118 4585 2185 4638 non

662 4681 803 4758 aliunde
828 4683 920 4756 salus
942 4681 1175 4781 exspectanda
1205 4689 1258 4757 est
1287 4705 1391 4780 quam
1418 4706 1439 4756 a
1464 4680 1644 4779 disciplina
1674 4689 1769 4756 certo
1799 4681 1910 4780 gradu
1943 4705 2079 4780 semper
2108 4707 2184 4781 pro·

664 4801 842 4902 gradiente
848 4834 858 4888 ;
894 4807 929 4875 et
953 4801 1043 4875 valet
1067 4801 1112 4875 de
1139 4803 1320 4892 omnibus,
1347 4803 1440 4902 quod
1463 4827 1483 4876 a
1505 4801 1638 4876 medico
1665 4801 1816 4899 quodam
1838 4801 1882 4874 de
1901 4800 1996 4876 tinea
2019 4802 2195 4901 scriptum·
