4918 6174
895 681 1173 750 Ollll'llO.
1747 685 1789 751 lt

272 889 381 990 pretia
413 912 525 962 rerum
546 913 695 987 peregre
728 889 961 963 confectarum
991 889 1149 990 portoriis
1178 889 1335 964 consulto
1366 896 1575 988 augeantur,
1611 899 1649 963 ut
1678 888 1786 964 nostri

271 1008 470 1108 populares,
501 1009 562 1108 qui
584 1007 705 1083 eadem
732 1007 857 1082 maiore
882 1016 1001 1081 sumtu
1027 1007 1264 1096 confecerunt,
1289 1007 1495 1082 contendere
1517 1007 1686 1083 cumillis
1706 1032 1785 1106 pos-

269 1125 349 1200 sint.
400 1124 480 1200 Non
517 1125 669 1224 postulat
699 1125 766 1199 sibi
790 1124 967 1223 disciplina
995 1125 1053 1199 illo
1083 1126 1186 1200 modo
1220 1126 1404 1202 subveniri.
1454 1127 1579 1201 Procul
1603 1125 1722 1216 abest,
1748 1133 1788 1201 ut

270 1245 531 1345 peregrinorum
560 1245 700 1320 inventa
725 1243 831 1320 arceri
856 1245 980 1333 velint,
1005 1269 1115 1342 quum
1139 1247 1350 1320 econtrario
1376 1245 1463 1320 nibil
1489 1245 1601 1345 magis
1625 1242 1787 1345 cupiant,

271 1389 374 1464 qum
407 1365 572 1440 omniun
604 1343 677 1440 ira*
689 1363 855 1465 passam
883 1388 958 1438 esse
982 1374 1017 1436 et
1044 1405 1090 1420 --
1109 1364 1152 1440 ιι
1187 1364 1405 1440 alerannus
1430 1363 1577 1463 putres
1601 1410 1648 1429 ..-
1671 1389 1790 1446 aarum

269 1509 383 1559 rerum
410 1484 567 1558 omnium
591 1484 753 1558 omnibus
777 1508 878 1557 usum
902 1491 1028 1581 patere.

318 1603 459 1701 Siquis
486 1629 548 1678 sus
576 1603 745 1677 industria
779 1627 852 1676 rem
885 1625 1008 1677 novam
1037 1603 1262 1700 excogitavit,
1299 1602 1479 1678 inventum
1513 1627 1617 1678 suum
1650 1602 1788 1676 silentio

270 1723 466 1809 abscondit,
503 1723 636 1795 lucrum
667 1746 710 1794 ex
741 1745 782 1794 eo
810 1720 1022 1810 faciendum,
1056 1730 1225 1821 quantum
1256 1730 1386 1820 potest,
1419 1721 1486 1797 sibi
1511 1744 1697 1796 reservans.
1749 1720 1788 1792 Si

270 1843 350 1940 quis
374 1840 535 1916 scientiae
555 1841 667 1914 cultor
687 1839 818 1938 aliquid
838 1843 963 1938 reperit
985 1841 1081 1929 novi,
1112 1841 1198 1916 nibil
1219 1841 1324 1915 habet
1351 1841 1528 1939 antiquius
1555 1865 1660 1940 quam
1688 1847 1724 1912 ut
1748 1837 1787 1913 id

269 1961 545 2060 quamprimum
575 1961 610 2050 in
637 1959 748 2033 lucem
772 1969 807 2032 et
838 1959 874 2032 in
898 1959 1054 2034 omnium
1088 1960 1243 2036 notitiam
1278 1960 1436 2059 proterat.
1488 1961 1567 2033 Non
1597 1959 1696 2034 aliter
1719 1957 1786 2033 sibi

131 2127 134 2132 ·
270 2078 343 2152 vult
364 2077 539 2152 subveniri
561 2076 627 2150 uisi
657 2084 696 2150 ut
718 2099 859 2165 suorum
883 2076 1040 2152 laborum
1067 2077 1200 2154 tructus
1233 2081 1341 2180 possit
1368 2081 1596 2158 communiter
1621 2081 1786 2156 omnibus

269 2198 385 2297 largiri
408 2206 443 2272 et
466 2197 503 2271 in
524 2197 720 2297 quaerendo
744 2221 968 2296 perseverare.

317 2318 383 2393 llla
407 2318 633 2392 subventione
666 2330 702 2392 et
734 2341 800 2416 ope
837 2315 1017 2416 discipline
1047 2343 1160 2394 carere
1190 2347 1259 2396 non
1292 2333 1406 2422 potest
1438 2345 1585 2420 eamque
1617 2319 1684 2394 sibi
1713 2320 1787 2420 iure

269 2433 446 2535 postulat.
482 2421 629 2512 Perinde
652 2447 723 2526 est,
751 2437 881 2536 siquis
903 2437 991 2512 banc
1013 2463 1115 2538 opem
1135 2439 1312 2517 ferendam
1343 2450 1476 2531 censet,
1503 2441 1586 2539 quia
1607 2437 1789 2538 disciplina

269 2565 322 2632 est
341 2559 441 2632 sortis
460 2557 584 2644 instar,
601 2559 700 2630 onius
719 2581 885 2630 usura-
898 2581 966 2630 non
987 2559 1054 2656 ipsi
1073 2561 1221 2635 cultores
1232 2561 1354 2636 -sed
1366 2569 1438 2635 tota
1452 2559 1632 2633 bominum
1644 2556 1789 2630 societas

270 2675 413 2763 fruitur,
447 2677 517 2750 siva
550 2677 714 2774 quoniam
746 2675 825 2773 quis
857 2676 1048 2764 existimat,
1085 2678 1302 2778 disciplinam
1335 2679 1530 2754 eommunis
1562 2675 1789 2751 humanitatis

270 2793 587 2893 splendidissimum
615 2817 689 2867 esse
710 2802 961 2869 ornamentum.
1013 2796 1136 2895 ltaque
1159 2799 1263 2871 etiam
1289 2798 1350 2896 qni
1375 2797 1421 2870 ob
1448 2819 1579 2871 meram
1602 2793 1788 2870 utilitatem

271 2909 471 3012 disciplinae
506 2913 616 2999 lavet,
648 2913 730 3011 quie
753 2913 895 3012 perinde
919 2924 992 3003 est,
1026 2915 1226 3014 disciplinae
1255 2915 1500 3016 praestantiam
1531 2913 1654 2988 lubens
1680 2937 1787 3010 agno·

270 3033 354 3108 scito
378 3040 413 3106 et
437 3057 513 3107 eam
539 3033 602 3107 boo
628 3033 765 3106 nomine
791 3035 989 3109 necessariis
1010 3034 1175 3110 subsidiis
1197 3036 1375 3110 adiuveto!

321 3271 478 3347 Nimium
512 3272 573 3345 diu
607 3295 662 3344 me
697 3271 778 3346 haee
814 3269 987 3370 generalia
1024 3281 1231 3359 tenuerunt,
1268 3273 1328 3346 sod
1361 3297 1401 3344 eo
1435 3269 1571 3343 brevius
1602 3267 1715 3342 dicam
1742 3269 1787 3340 de

251 3391 524 3468 *necessitudine
548 3399 714 3491 quaeest
740 3392 831 3468 inter
865 3391 1059 3464 botanicum
1089 3398 1124 3466 et
1152 3391 1367 3465 medicinam.
1419 3390 1482 3462 Est
1503 3413 1542 3462 ea
1568 3385 1787 3462 necessitudo

273 3511 420 3610 duplex,
445 3520 481 3585 et
504 3517 641 3610 propter
664 3512 799 3610 plantas
826 3511 895 3583 vim
920 3510 1081 3584 medendi
1111 3511 1277 3585 habentes
1296 3518 1331 3583 et
1354 3516 1493 3608 propter
1515 3506 1691 3582 botanioes
1715 3517 1787 3582 stu·

272 3631 332 3704 dia
352 3629 478 3704 tuturis
504 3629 644 3703 medicis
668 3629 862 3704 excolenda.
914 3631 1053 3704 Mutata
1074 3640 1126 3703 est
1150 3629 1367 3704 necessitudo
1388 3629 1495 3728 prior,
1528 3627 1610 3726 quia
1631 3627 1791 3702 botanica

272 3750 373 3848 louge
398 3749 484 3824 ultra
511 3760 638 3822 veteres
660 3751 748 3838 fines
774 3758 985 3847 transgressa
1012 3757 1065 3824 est
1088 3775 1199 3848 quum
1223 3758 1294 3825 tota
1324 3748 1513 3824 medicinae
1534 3747 1731 3834 inserviret,
1753 3755 1790 3820 et

273 3869 354 3968 quia
389 3867 538 3950 multum
571 3868 721 3942 decrevit
750 3891 916 3942 numerus
945 3869 1159 3966 plantarum,
1194 3868 1323 3968 quibus
1353 3867 1478 3944 medici
1514 3875 1670 3944 utuntur.
1721 3867 1789 3942 Pro

274 3987 495 4062 multitudine
533 3988 747 4086 plantarum,
779 4011 926 4085 quarum
963 3987 1012 4062 vis
1051 3989 1185 4063 redibat
1210 3991 1354 4076 eodem,
1385 4013 1453 4062 rins
1478 3988 1559 4086 poni
1585 3995 1698 4084 potest
1726 3996 1787 4060 aut

272 4115 423 4180 extracta
444 4129 486 4179 ex
503 4106 629 4205 plantis
654 4107 730 4205 ipsa
752 4106 802 4180 vis
823 4108 951 4182 efficax.
1003 4107 1194 4182 Videturne
1222 4135 1262 4182 aa
1283 4109 1328 4182 de
1343 4133 1450 4183 causa
1471 4104 1628 4180 studium
1652 4105 1784 4202 planta·

273 4249 350 4298 rum
380 4225 634 4300 medicinalium
666 4227 783 4304 tuturo
808 4227 941 4300 medico
967 4251 1042 4301 esse
1072 4223 1210 4302 minoris
1240 4225 1433 4302 momenti?
1480 4227 1535 4300 An
1561 4224 1731 4300 sufficeret
1757 4225 1787 4298 si

272 4346 365 4420 solus
400 4345 662 4443 pharmaceuta,
695 4346 756 4446 qui
787 4347 1034 4420 medicamenta
1057 4357 1175 4446 parat,
1202 4346 1343 4422 haberet
1372 4347 1525 4446 aliquam
1548 4368 1666 4418 earum
1697 4342 1785 4416 noti-

272 4463 379 4538 tiam?
416 4465 529 4540 Nemo
554 4465 618 4538 boc
642 4466 730 4540 serio
751 4465 885 4540 dixerit.
936 4465 1068 4540 eodem
1096 4468 1170 4541 iure
1190 4467 1294 4542 etiam
1322 4467 1465 4542 ulterius
1495 4487 1617 4565 pergas
1640 4471 1675 4535 et
1702 4462 1786 4536 satis

272 4605 346 4656 esse
368 4583 462 4658 dicas
482 4583 511 4656 si
531 4583 775 4682 pharmaceuta
795 4593 904 4658 certas
926 4579 1122 4684 plantarum
1139 4596 1254 4686 partes
1275 4588 1407 4661 noverit
1427 4572 1581 4684 qualosa
1602 4591 1786 4656 mercatore

272 4712 333 4774 aut
366 4701 544 4777 oodectore
578 4704 718 4792 emerit,
754 4729 867 4802 neque
899 4729 958 4779 eae
998 4705 1126 4780 multae
1159 4705 1288 4794 lerant,
1329 4705 1493 4805 quoniam
1530 4701 1783 4800 pharmaceutis

274 4819 445 4918 quidquid
472 4822 506 4895 in
533 4823 658 4920 plantis
693 4823 796 4898 babet
826 4823 894 4903 vim
927 4824 1162 4900 uredieinalem
1190 4834 1348 4924 paratum
1373 4833 1409 4898 et
1430 4822 1626 4898 conlectum
1648 4820 1794 4905 emendi,

1626 4942 1648 5012 3
