4918 6174
732 695 926 762 SERlES
959 691 1292 762 nucrlouun.
1732 695 1774 764 69

243 914 454 981 LLPBINS
492 903 595 980 Pauli
626 903 671 979 ad
695 903 837 978 Galatas
873 903 1054 1002 epistolam
1093 904 1380 1000 interpretaturus
1417 909 1492 991 est,
1526 901 1584 978 die

294 1024 481 1113 Mercurii,
506 1023 600 1098 Iovis
625 1031 660 1097 et
685 1021 829 1100 Veneris
839 1071 1574 1111 .....................
1603 1022 1687 1098 hora
1712 1021 1770 1094 IX.

346 1137 553 1243 Theologiee
575 1142 751 1218 Praeticne
777 1150 910 1242 partem
932 1141 1196 1218 ecclesiasticam
1218 1152 1253 1219 et
1267 1143 1474 1244 pastoralem
1490 1151 1579 1218 trac·

320 1333 326 1346 ,
395 1262 504 1352 tabit,
529 1262 654 1338 diebus
679 1263 804 1338 Martis
829 1271 864 1337 et
888 1263 1054 1338 Mercurii
1063 1311 1581 1352 ...............
1732 1263 1774 1339 X.

348 1383 552 1459 Ostechesin
576 1383 771 1458 Palatinam
792 1409 856 1484 pro
878 1384 1041 1459 concione
1065 1386 1234 1460 tractandi
1254 1385 1457 1459 methodum
1479 1383 1580 1459 doce·

398 1503 452 1578 bit
476 1504 560 1579 bora
584 1503 652 1577 sibi
676 1511 712 1577 et
737 1504 954 1578 auditoribus
977 1504 1170 1580 commoda.

347 1623 619 1701 Exercitationes
653 1624 879 1700 catecheticas
914 1633 949 1698 at
985 1624 1198 1699 homileticas
1233 1622 1491 1712 moderabitur,
1525 1622 1582 1697 dio

395 1744 537 1834 Lunae,
577 1793 587 1815 .
624 1792 1398 1819 ......................
1424 1759 1426 1764 ’
1427 1795 1579 1818 .....
1615 1744 1662 1816 XI
1681 1750 1716 1818 et
1733 1743 1774 1818 u.

347 1863 403 1938 De
436 1864 541 1939 rebus
574 1862 741 1963 exegetici
775 1862 996 1962 potissimum
1034 1871 1069 1936 at
1101 1862 1242 1962 practici
1276 1862 1473 1962 argumenti
1501 1887 1582 1938 cum

396 1983 666 2082 provectioribus
691 1990 791 2082 eget,
819 1983 901 2057 hora
927 1981 1119 2079 vespertina
1144 1990 1264 2081 postea
1287 1981 1482 2056 indicanda.

249 2112 286 2174 L
306 2112 345 2173 G.
364 2111 400 2174 Ε.
419 2112 703 2174 RAUWENHOFF
724 2101 915 2176 Historiam
933 2100 1110 2190 ‚Ecclesiae
1125 2099 1341 2174 Christianae
1357 2097 1580 2174 recentiorem

302 2221 492 2311 enarrabit,
516 2221 645 2297 'diebus
670 2222 813 2312 Lunae,
838 2221 964 2296 Martis
987 2230 1023 2296 et
1047 2221 1232 2309 Mercurii,
1271 2271 1281 2292 .
1317 2269 1583 2294 ........
1703 2219 1774 2293 xit.
1903 2255 1909 2268 ·

348 2341 656 2440 Encyclopaediam
691 2351 728 2418 et
758 2343 1055 2442 Methodologiam
1082 2343 1214 2431 tradet,
1247 2337 1371 2414 diebus
1399 2339 1524 2414 Martis
1550 2347 1585 2414 et

398 2461 581 2550 Mercurii,
619 2513 628 2534 .
666 2508 1584 2537 ..........................
1735 2460 1800 2532 ll·¹

350 2581 404 2654 De
428 2580 527 2656 variis
551 2583 786 2680 argumentis,
811 2583 856 2657 nd
880 2583 1075 2658 historicam
1101 2581 1294 2680 theologiae
1317 2585 1451 2678 partam
1474 2580 1579 2679 perti·

400 2698 584 2788 uentibus,
609 2707 689 2798 aget
716 2701 799 2775 hora
824 2699 1018 2798 vespertina
1039 2707 1160 2799 postea
1182 2699 1377 2776 indicanda.

352 2816 577 2894 Orationibus
612 2819 724 2895 Sacris
760 2824 947 2918 praeerunt
976 2827 1002 2887 1.
1024 2825 1064 2886 H.
1084 2826 1312 2898 SOHOLTuN,
1342 2829 1377 2887 Α.
1399 2826 1583 2903 Rutulus,

397 2947 423 3006 n
443 2944 469 3003 1.
490 2944 605 3006 smus
630 2939 665 3006 et
688 2941 723 3002 n.
746 2940 783 3002 a.
804 2941 839 3001 n.
860 2938 1163 3011 aruununoss,
1191 2928 1316 3002 diebus
1343 2937 1378 3003 et
1403 2929 1495 3006 horis
1519 2931 1586 3006 sibi

399 3055 434 3122 at
454 3048 659 3127 candidatis
679 3050 887 3150 Theologiae
906 3049 1117 3138 commodis;
1146 3087 1192 3098 -
1212 3048 1350 3147 publica
1381 3051 1586 3152 disputandi

399 3168 720 3260 exercitationibus,
745 3169 803 3246 dia
825 3170 992 3260 Veneris,
1030 3220 1584 3247 ................

875 3439 1165 3454 *—

257 3653 736 3719 0.A.X.G.F.810Hnaltu
759 3648 955 3724 literarum
982 3646 1266 3722 Germanicarum
1291 3647 1433 3738 lector,
1460 3648 1586 3724 selecta

305 3762 503 3863 principum
524 3767 710 3843 Poetarum
735 3769 1009 3867 germanicorum
1028 3767 1180 3843 carmina
1204 3768 1421 3868 interpretari
1443 3775 1585 3869 paratus

307 3890 379 3973 est,
421 3884 526 3961 simul
557 3886 595 3963 id
627 3894 787 3981 acturus,
827 3897 866 3964 ut
907 3889 960 3964 his
994 3888 1079 3989 ipsis
1110 3889 1275 3989 exemplis
1313 3889 1404 3966 varia
1437 3889 1585 3965 Podseos

307 4029 433 4104 genera
458 4005 605 4106 explicet
629 4008 856 4086 auditoribus.
1056 4021 1058 4026 ’
