4864 6180
839 680 1120 758 orento,
1695 679 1739 756 dl

215 888 409 978 continent,
443 888 610 989 gaudem
662 889 859 972 Articulum
887 893 934 972 63
964 889 1050 972 milri
1077 889 1307 972 demonstrat:
1347 888 1471 972 annm
1504 886 1738 969 ooubneutem
1851 964 1855 968 ,

215 1009 424 1099 lectionum,
469 1009 506 1090 in
547 1009 747 1092 Acadamiic
789 1011 977 1111 quotannis
1014 1009 1260 1096 habendarum,
1325 1011 1369 1092 In
1405 1008 1568 1092 facultate
1603 1008 1738 1092 medin

215 1129 412 1228 pathologia
436 1130 620 1229 separatim
648 1130 855 1206 nominetur.
893 1132 1019 1230 Itaque
1044 1174 1092 1200 m
1116 1130 1165 1212 sic
1184 1131 1301 1231 legum
1324 1130 1492 1230 interpres
1508 1128 1738 1235 gloriatur-n

214 1249 284 1328 iam
322 1257 403 1326 ente
440 1249 502 1330 bos
538 1250 792 1354 quinquaginta
826 1276 935 1332 annos
975 1249 1173 1351 pathologie
1207 1275 1287 1352 pere
1322 1247 1503 1350 peculiaris
1539 1248 1739 1350 disciplinae

216 1368 369 1450 medicea
395 1369 608 1460 habebatur,
634 1371 857 1471 docendoque
881 1379 964 1454 aret.

163 1573 167 1578 ,
265 1489 397 1572 Tamen
430 1490 504 1570 iure
537 1491 628 1574 diris
665 1499 746 1576 ante
783 1517 915 1576 aunum
948 1491 1170 1571 millesimum
1204 1489 1531 1590 octingentesimum
1565 1489 1740 1576 decimum

217 1608 380 1708 quintum
421 1610 675 1711 pathologiam,
711 1612 927 1712 disciplinam
957 1611 1182 1711 peculiarem,
1220 1634 1288 1687 non
1316 1610 1498 1692 exstitisse.
1549 1610 1646 1692 Licet
1668 1635 1738 1694 nou

219 1753 360 1828 negem,
386 1729 619 1830 putbologism
641 1732 833 1814 secundnm
854 1731 942 1830 legis
960 1731 1208 1831 praescriptum
1228 1729 1423 1812 'ducendam
1444 1753 1540 1820 esse,
1561 1729 1742 1830 discipline

217 1857 332 1932 tamen
363 1849 417 1927 sui
450 1851 604 1950 generis,
631 1875 766 1950 semper
794 1851 960 1939 incende,
991 1852 1103 1948 magis
1133 1850 1313 1949 magisque
1340 1849 1526 1927 excolende
1549 1875 1743 1949 numquam

215 1967 327 2050 furerat
352 1976 433 2048 aute
454 1961 690 2069 physiologiae
711 1979 747 2050 et
767 1979 945 2052 custumes
965 1968 1221 2070 pathologicee,
1247 1969 1311 2048 hoc
1331 1970 1465 2060 seculo,
1486 1971 1741 2070 perlectionem.

216 2089 306 2170 Tum
343 2089 486 2168 demum
517 2089 715 2189 pathologie
744 2090 971 2190 professorem
1005 2097 1040 2163 et
1076 2097 1360 2188 perscrutatorem
1392 2115 1515 2180 suum,
1548 2090 1744 2172 studiorum

215 2207 433 2308 praesidinet
459 2209 692 2290 instrumente
718 2235 784 2287 sua
805 2211 962 2310 flagitare
991 2217 1136 2310 poterut.
1428 2232 1431 2238 ·

265 2329 418 2408 Definire
450 2329 530 2412 iicet
559 2330 813 2430 patholcgicmr
849 2331 1001 2430 eorporis
1027 2329 1190 2420 humaui,
1225 2329 1355 2414 morbis
1381 2330 1515 2419 affecti,
1553 2335 1746 2412 structurae

217 2455 252 2524 et
286 2447 504 2531 luuotionum
542 2447 736 2550 disciplina.
788 2453 845 2534 Sic
882 2451 1024 2534 definita
1057 2451 1257 2552 pethologie
1282 2451 1370 2528 ritae
1397 2450 1580 2532 morbosae
1607 2447 1745 2548 physio·

214 2568 307 2667 logia
344 2577 409 2648 est.
462 2571 683 2671 Phyaiologia
718 2572 809 2652 euim
851 2579 905 2651 cst
940 2571 1014 2649 aeni
1051 2571 1201 2670 eorporis
1241 2578 1432 2652 abacturus
1458 2577 1494 2644 et
1525 2568 1745 2652 turonorum
1882 2613 1887 2622 =

144 2761 152 2778 ,
214 2688 409 2788 discipline.
461 2689 574 2770 Facile
608 2691 672 2770 hoo
705 2692 787 2774 inde
820 2692 996 2790 sequitur:
1029 2691 1261 2790 pathologiam
1294 2691 1528 2796 physiologiae
1556 2690 1592 2772 in
1619 2688 1746 2774 studii·

214 2833 446 2887 successorem
482 2834 578 2900 cese,
613 2811 847 2911 physiologiae
879 2810 1115 2892 fundamentis
1144 2811 1228 2898 niti,
1262 2809 1517 2909 physiologicas
1543 2808 1744 2907 diciplina

217 2927 395 3028 praesidiis
423 2953 536 3010 curere
562 2953 631 3010 non
655 2955 765 3029 posse.

264 3047 503 3147 Physiologie,
529 3049 757 3148 primulum,
782 3057 896 3149 partes
923 3049 1181 3150 microscopicae
1205 3074 1415 3148 organorum
1438 3057 1474 3128 et
1496 3049 1645 3132 telarum
1669 3074 1742 3129 cor·

215 3169 306 3268 poris
338 3191 476 3250 noscere
502 3169 625 3258 debet;
659 3169 877 3270 pathologiae
900 3169 1004 3249 etiam
1028 3170 1217 3252 incumbit:
1244 3179 1455 3252 structurum
1477 3171 1628 3268 partium
1651 3193 1741 3252 mor·

216 3289 377 3370 bonarum
402 3290 616 3388 perscrutari.
668 3291 888 3392 Phyeiologia
921 3316 1020 3390 porro
1046 3291 1139 3392 leges
1161 3291 1295 3391 quaerit
1317 3277 1579 3374 circulationem
1600 3290 1740 3388 sangui·

216 3410 289 3498 nis,
315 3409 468 3508 spirandi
494 3417 627 3500 motos,
651 3435 835 3492 nervorum
860 3413 1050 3500 actionem,
1077 3420 1209 3501 cetere,
1234 3423 1414 3511 regentes,
1440 3435 1547 3510 quem
1572 3409 1741 3496 rationem

217 3529 366 3607 habeant
400 3553 481 3610 cum
517 3555 724 3629 organorum
761 3531 1029 3612 conformatione
1063 3539 1099 3612 et
1136 3531 1295 3611 interiore
1335 3538 1526 3622 structure,
1565 3531 1740 3629 quomodo

216 3651 306 3729 inter
343 3675 379 3726 se
412 3651 616 3731 cohaereant
648 3651 880 3740 domnanae
915 3651 1112 3751 pathologia
1142 3653 1247 3734 etism
1282 3639 1490 3751 investigare
1522 3649 1626 3732 debet
1653 3677 1739 3751 quo·

218 3771 320 3846 modo
351 3771 667 3869 phaenomenorum
701 3772 856 3856 vitalium
886 3771 1097 3854 mutationes
1127 3797 1147 3852 e
1172 3781 1304 3854 mutata
1331 3796 1539 3874 organorum
1566 3780 1740 3856 structura

216 3888 454 3988 dependeant,
490 3893 663 3990 quomodo
694 3892 826 3974 functio
854 3893 946 3969 laeso
978 3903 1107 3969 ueterm
1129 3893 1279 3992 eorporis
1304 3892 1498 3974 functiones
1521 3893 1655 3971 afficiet.
1693 3894 1737 3976 Iu

217 4008 430 4109 physiologia
457 4011 644 4109 organismi
668 4019 780 4090 status
805 4013 939 4112 integer
965 4013 1114 4112 madere
1137 4021 1274 4112 putata
1302 4012 1613 4101 nutrimentum
1639 4020 1737 4107 uere,

216 4155 238 4204 a
271 4129 399 4218 celore;
435 4129 470 4204 in
509 4130 737 4230 pathologiois
765 4132 1089 4231 investigationibus
1119 4133 1340 4214 effectionum
1373 4133 1610 4212 morboserum
1636 4132 1736 4230 origo

217 4249 419 4347 explicanda
445 4275 487 4326 ex
515 4250 701 4350 agentibus
722 4253 893 4341 externis,
918 4279 960 4330 ex
986 4253 1135 4336 stimulis
1157 4253 1320 4341 insolitis,
1346 4253 1476 4332 ratione
1492 4254 1597 4334 etiem
1616 4253 1736 4336 habita

218 4369 453 4468 dispositionis
481 4372 632 4470 eorporis
659 4397 748 4469 quae
779 4374 848 4456 ianr
882 4373 973 4450 vitiis
1001 4373 1211 4473 congenitis,
1250 4383 1361 4452 aetate
1385 4383 1447 4451 aut
1470 4374 1574 4458 modo
1601 4373 1736 4454 visendi
1893 4455 1898 4466 ,

216 4490 324 4564 adest.
377 4491 433 4564 Ad
465 4491 712 4591 physiologiam
748 4493 898 4592 deniquae
932 4495 1096 4592 pertinet:
1129 4518 1297 4594 exponere
1326 4493 1556 4572 undationem
1584 4494 1735 4594 corporis

217 4633 258 4684 cr
291 4634 374 4697 ouo,
401 4611 633 4712 generationis
652 4612 769 4712 leges,
794 4613 905 4696 leatus
931 4613 1187 4700 formationem.
1215 4613 1402 4714 explicem
1429 4637 1491 4691 ouo
1519 4613 1636 4690 minue
1660 4639 1732 4690 em·

218 4729 440 4830 bryogeneeis
464 4739 517 4812 est
540 4731 754 4831 pathologiae
780 4733 951 4819 adiutrix,
988 4733 1070 4810 vitia
1094 4733 1276 4832 congenita
1295 4741 1356 4810 ent
1380 4732 1620 4833 dispositiones
1643 4759 1732 4812 mor·

218 4850 320 4936 boses
347 4851 533 4949 explicans.
582 4902 587 4911 -
1206 4882 1209 4890 ’
