4918 6174
874 686 1152 754 ORATIO.
1727 690 1770 758 25

250 891 386 966 cultura
418 889 633 991 ingeniorum
664 917 801 968 manare
830 893 934 981 eolat,
960 893 996 968 in
1030 917 1099 992 qua
1125 893 1353 992 praedicanda
1383 896 1626 994 percommode
1658 895 1767 972 oratio

251 1019 426 1111 repertura
448 1020 501 1084 est
523 1012 667 1088 exitum.

300 1252 458 1350 Oquam
476 1252 614 1351 egregia
628 1259 663 1324 et
685 1251 856 1349 praeclara
881 1277 934 1325 res
954 1260 1024 1339 est,
1048 1252 1178 1350 siquis
1201 1277 1236 1325 se
1262 1252 1417 1326 advitae
1443 1277 1585 1327 munera
1605 1253 1766 1328 obeunda

251 1379 448 1469 praeparat,
486 1371 608 1446 aetatis
643 1379 773 1469 partem
809 1372 997 1470 transigere
1026 1372 1062 1445 in
1092 1371 1329 1458 universitate,
1363 1371 1424 1446 ubi
1458 1397 1578 1446 omnes
1608 1373 1765 1448 omnium
1837 1455 1844 1474 ,

251 1489 510 1588 disciplinarum
534 1491 762 1565 humanarum
789 1497 903 1588 partes
932 1515 1036 1564 sunm
1059 1488 1125 1563 ribi
1146 1490 1260 1564 locum
1283 1488 1430 1564 habentl

300 1609 379 1684 Non
407 1610 486 1684 ideo
507 1611 570 1684 hoc
593 1609 669 1682 dico
692 1608 773 1705 quia
797 1608 959 1683 omnibus
980 1608 1165 1706 praebetur
1190 1607 1341 1696 occasio,
1374 1608 1494 1682 multis
1526 1610 1638 1684 modia
1671 1619 1768 1686 extre

252 1752 394 1803 suorum
436 1729 628 1802 studiorum
661 1727 832 1800 ambitum
873 1725 982 1801 multa
1021 1725 1253 1826 cognoscendi
1293 1724 1573 1825 addiscendique.
1624 1727 1769 1802 Licebat

230 1839 398 1922 ¹Goethio
427 1870 525 1922 suam
554 1845 620 1920 sibi
650 1846 737 1920 viam
762 1844 872 1919 lacere
899 1852 935 1918 et
963 1871 1005 1918 ex
1031 1844 1193 1920 omnibus
1219 1843 1363 1919 floribus
1396 1845 1498 1920 mella
1528 1847 1704 1946 colligere,
1731 1853 1767 1921 et

252 1973 366 2038 tumen
389 1989 493 2038 suum
516 1989 590 2038 esse
618 1976 652 2039 et
683 1965 772 2039 vitae
795 1965 1009 2063 propositum
1032 1971 1229 2040 constanter
1250 1973 1377 2041 tenere.
1428 1965 1544 2041 Satius
1566 1975 1619 2040 est
1646 1967 1765 2066 pleris-

250 2108 318 2182 que
342 2107 462 2157 omnes
491 2083 623 2182 ingenii
652 2082 739 2157 vires
766 2084 801 2156 in
829 2108 938 2158 unum
967 2085 1162 2160 studiorum
1184 2109 1296 2185 genus
1323 2083 1423 2158 enixe
1453 2085 1642 2160 intendere.
1695 2085 1766 2160 Sed

250 2213 489 2303 praeterquam
536 2204 629 2303 quod
669 2204 932 2279 iurisconsultus
973 2205 1052 2304 quis
1085 2215 1138 2282 est
1178 2213 1240 2280 aut
1278 2202 1459 2304 theologus
1496 2215 1557 2280 aut
1592 2204 1766 2296 medicae,

249 2321 341 2396 idem
366 2347 504 2422 quoque
529 2322 631 2397 homo
655 2330 727 2409 est,
753 2331 788 2396 et
811 2321 897 2395 siin
922 2347 1027 2398 unam
1049 2323 1243 2398 studiorum
1268 2331 1401 2422 partem
1430 2331 1524 2397 totus
1548 2324 1764 2413 incubueris,

250 2442 396 2516 exclusis
424 2444 565 2529 ceteris,
598 2442 739 2516 omnino
769 2442 812 2516 de
845 2442 951 2518 totius
982 2443 1153 2519 humanae
1186 2443 1274 2518 vitae
1301 2467 1340 2517 ac
1368 2443 1540 2518 societatis
1570 2443 1702 2518 ratione
1727 2469 1768 2519 ae
1880 2455 1896 2478 ‘

251 2569 345 2635 statu
368 2587 466 2635 secus
495 2571 530 2636 et
556 2585 713 2661 perverse
735 2561 949 2636 indicaveris.
1000 2562 1158 2636 Iudicate
1184 2563 1423 2667 unusquipque
1448 2560 1492 2634 de
1517 2563 1621 2636 rebus
1644 2561 1766 2638 hnma-

250 2681 306 2754 nis
339 2689 496 2778 spectans
528 2707 569 2755 ex
603 2706 644 2754 eo
668 2681 740 2753 loco
769 2680 805 2752 in
834 2705 903 2778 quo
931 2681 1066 2780 positus
1091 2681 1165 2779 ipse
1188 2689 1252 2755 est.
1302 2682 1457 2755 Naturae
1470 2681 1520 2754 -id
1544 2681 1703 2782 congruit
1730 2687 1766 2756 et

251 2799 336 2872 utile
363 2806 426 2872 est.
478 2799 546 2873 Sed
577 2798 665 2872 illud
695 2821 834 2897 quoque
867 2798 951 2872 utile
982 2805 1017 2872 et
1049 2797 1279 2872 necessarium
1312 2804 1386 2886 est,
1421 2805 1460 2871 ut
1489 2797 1568 2896 quis
1593 2798 1637 2873 ab
1667 2799 1767 2875 initio

250 2941 319 2992 non
342 2917 458 2992 omnia
475 2917 521 2990 ed
543 2942 580 2990 se
596 2941 708 2991 unum
724 2917 863 3005 referat,
889 2918 953 2992 sed
971 2917 1016 2992 ab
1034 2917 1110 2992 aliis
1128 2917 1273 3016 aliisque
1290 2917 1447 3017 partibus
1468 2918 1589 2994 eadem
1612 2927 1765 3018 spectare

251 3037 377 3125 discat,
411 3046 451 3110 ut
480 3036 559 3134 quis
590 3037 625 3110 in
662 3045 758 3135 parte
789 3038 901 3136 operis
933 3045 1121 3136 occupatus
1157 3045 1269 3112 totum
1303 3038 1412 3114 oculis
1446 3039 1698 3139 contempletur
1730 3047 1766 3114 et
1850 3105 1852 3110 .

252 3164 380 3230 statuat
414 3156 450 3228 in
492 3180 561 3254 qua
601 3163 697 3254 perte
732 3157 781 3230 rei
820 3157 998 3232 universae
1035 3157 1080 3231 sit
1113 3157 1187 3256 ipse
1222 3157 1417 3233 collocatus.
1472 3159 1649 3257 Reputato
1681 3157 1769 3232 mihi

250 3275 374 3373 aliquis
404 3283 575 3372 quantum
603 3275 684 3349 boni
715 3284 876 3350 nascatur
904 3303 948 3351 ex
974 3277 1033 3352 illa
1064 3276 1171 3352 libera
1197 3285 1233 3352 et
1260 3287 1382 3354 mutua
1404 3277 1655 3352 consuetudine
1675 3300 1765 3376 quae
1860 3285 1866 3293 '

249 3393 285 3466 in
317 3393 387 3468 vita
414 3393 627 3481 academica,
659 3418 771 3493 neque
809 3418 957 3493 usquam
993 3394 1093 3484 alibi,
1133 3395 1224 3470 inter
1253 3395 1485 3472 diversissima
1517 3420 1676 3494 quaeque
1708 3395 1763 3469 in·

250 3513 352 3610 genia
383 3522 418 3587 et
447 3519 587 3588 naturas
616 3521 652 3587 et
682 3515 797 3588 studia
820 3515 1000 3590 intercedit
1024 3515 1315 3605 adolescentium,
1347 3515 1409 3615 qui
1431 3514 1580 3590 rationes
1608 3522 1643 3588 et
1672 3513 1765 3614 eogi-

251 3631 397 3706 tationes
430 3642 465 3706 et
496 3633 682 3707 sententias
717 3659 837 3708 omnes
870 3617 959 3709 inter
991 3659 1065 3708 sese
1098 3634 1303 3710 conferendo
1336 3635 1581 3734 miscendoque
1614 3633 1651 3708 in
1682 3619 1793 3708 llerew

249 3751 370 3824 aetatis
398 3760 569 3826 acuuntur
595 3761 630 3826 et
656 3753 874 3826 exercentur!
927 3753 1139 3851 Quicunque
1168 3753 1231 3826 hoo
1260 3751 1379 3827 fecerit
1404 3752 1555 3852 prolecto
1590 3750 1765 3827 exanimi

250 3870 420 3945 sententie
448 3871 583 3970 optabit
610 3872 682 3945 fore
708 3880 746 3944 ut
772 3896 965 3970 numquam
990 3871 1106 3970 aliqua
1131 3897 1211 3970 para
1238 3873 1434 3947 studiorum
1456 3898 1477 3946 a
1500 3864 1762 3946 ceteris‘avulsa

250 3998 286 4063 et
310 3990 346 4063 in
370 3988 558 4087 peculiares
582 3989 714 4064 scholas
743 3989 892 4088 relagata
914 4015 976 4090 pro
997 3990 1057 4064 illa
1081 3989 1284 4067 liberalitate
1310 3999 1346 4066 et
1369 3990 1477 4066 animi
1500 3988 1760 4088 magnitudine,

177 4195 181 4206 ¹
251 4131 356 4206 quam
390 4107 480 4207 parit
514 4107 744 4195 Universitas,
781 4109 921 4209 angusti
955 4109 1061 4184 animi
1100 4118 1136 4184 et
1168 4109 1304 4209 ineptae
1343 4107 1558 4209 arrogantiae
1577 4103 1762 4208 'concipiat

252 4225 366 4301 labem
390 4252 430 4302 ac
454 4228 595 4301 vitium!

298 4347 352 4420 De
371 4347 624 4423 Professoribus
649 4371 787 4446 quoque
809 4347 941 4447 aliquid
965 4347 1151 4423 dicendum
1174 4373 1249 4423 ease
1274 4349 1360 4426 mihi
1387 4349 1543 4426 arbitmr.

298 4465 435 4563 Duplex
456 4466 547 4542 enim
570 4473 624 4540 est
648 4475 804 4542 nostrum
826 4467 987 4542 officium.
1037 4469 1197 4544 Alterum
1220 4477 1255 4544 et
1284 4469 1509 4545 utilissimum
1530 4475 1604 4554 est,
1632 4473 1671 4539 ut
1696 4491 1758 4567 op·

248 4584 352 4660 timae
384 4593 474 4660 artes
503 4609 687 4686 generosae
716 4585 889 4661 iuventuti
919 4586 1172 4686 impertiamur,
1207 4590 1356 4664 alterum
1384 4595 1420 4663 et
1449 4584 1690 4660 dulcissimum
1720 4593 1759 4661 ut

249 4703 449 4803 disciplinae
471 4705 558 4779 fines
582 4729 645 4805 pro
667 4704 755 4778 virili
773 4713 870 4804 parte
893 4705 996 4779 latius
1022 4730 1262 4806 propagemus.
1313 4707 1346 4780 Ο
1372 4705 1578 4805 praeclaram
1606 4703 1762 4804 bipartiti

249 4823 402 4896 muneris
432 4823 728 4911 coniunctionem,
771 4823 832 4898 ubi
867 4825 1015 4900 alterum
1051 4824 1191 4900 alterius
1224 4848 1289 4924 ope
1322 4823 1484 4926 indigens
1522 4829 1694 4901 sustentat
1726 4831 1763 4900 et

1577 4949 1601 5017 4
