4864 6180
703 657 745 722 98
1301 653 1634 722 G.KOSTER

705 864 796 941 satio
828 862 1035 940 indideram
1068 860 1180 936 mor&
1205 861 1475 962 cuiuscumque,
1510 869 1546 937 et
1570 885 1740 962 quasuem
1765 862 1914 944 subeam
1940 862 2166 950 mutationes,
2191 871 2230 937 et

704 984 869 1084 therapio.
919 982 1088 1081 Therapia
1120 990 1236 1057 autem
1269 1008 1348 1056 cum
1383 983 1582 1082 patholngis
1609 1005 1732 1081 pumen
1758 982 1863 1060 habet
1889 1007 2085 1064 mutuno.
2125 985 2230 1060 Quae

705 1106 751 1181 sd
779 1105 960 1204 disgnosin
992 1102 1244 1176 instituendam
1277 1103 1427 1178 mexime
1459 1105 1649 1181 neceaseria
1674 1113 1757 1177 sunt
1779 1104 2064 1202 propaedeutice‚
2096 1127 2137 1177 os
2161 1111 2228 1178 tra·

703 1225 797 1302 dunt
828 1223 1027 1298 nadimenta
1056 1223 1295 1322 pathologiae,
1333 1223 1405 1298 sire
1425 1223 1635 1322 pecinegis
1658 1223 1837 1322 generalis.
1888 1227 1939 1297 stt
1960 1247 2068 1300 novae
2091 1247 2229 1322 prorsus

703 1345 917 1444 minimeque
939 1342 1042 1421 tritae
1063 1342 1137 1418 viae
1157 1343 1191 1417 ei
1215 1343 1387 1422 ineundae
1411 1353 1514 1434 suut,
1547 1344 1608 1444 qui
1632 1344 1748 1444 ipsum
1772 1367 1915 1443 aegrum
1940 1354 2031 1418 recte
2052 1345 2228 1443 explorare

703 1465 740 1540 in
771 1465 927 1540 animum
956 1463 1143 1540 induxerit.
1195 1464 1327 1562 Ingens
1355 1464 1450 1538 enim
1479 1465 1530 1538 via
1557 1465 1777 1564 physicorum
1800 1472 1837 1537 et
1860 1461 2092 1540 obamioornm
2117 1463 2227 1538 subsi-

704 1584 841 1660 diorum
874 1605 958 1658 aevo
989 1591 1107 1657 nostro
1136 1583 1271 1657 detecta
1309 1594 1380 1671 est,
1417 1573 1565 1682 quorum
1598 1584 1656 1658 ille
1691 1608 1823 1682 gnarus
1853 1583 1899 1658 sit
1932 1607 2070 1659 necesse
2095 1593 2171 1672 est,
2196 1591 2229 1657 et

704 1729 854 1804 quorum
877 1703 1037 1778 notitiam
1059 1703 1200 1778 essidm
1220 1704 1464 1782 exercitatione
1486 1707 1554 1779 iam
1581 1704 1788 1801 exquisitam
1817 1703 1942 1780 babere
1967 1714 2120 1803 oportet,
2149 1713 2228 1778 anto

704 1825 886 1924 quemad
914 1847 1097 1923 angrorum
1125 1823 1306 1922 diagnosin
1333 1826 1484 1900 accedet.
1546 1827 1671 1924 Itaque
1694 1826 1907 1923 diagnostioe
1929 1823 2072 1923 physice
2094 1837 2131 1899 et
2153 1851 2228 1924 pro·

705 1943 929 2043 paedeutiee,
962 1945 1139 2041 indagatio
1174 1945 1414 2043 microscopica
1443 1955 1478 2018 et
1508 1944 1681 2030 chemica,
1708 1943 1822 2041 sputi,
1853 1944 1990 2030 urinue,
2015 1951 2226 2036 ceterorum

705 2066 853 2165 pectoris
889 2066 1084 2163 ventrisque
1122 2064 1296 2162 percussio
1333 2075 1368 2166 et
1407 2065 1633 2152 auscultatio,
1668 2063 1847 2160 inquisitio
1881 2063 2165 2162 laryngoslropics
2196 2077 2229 2138 et

703 2185 1040 2284 spbygmogrephicc
1063 2231 1110 2250 -
1144 2185 1228 2258 haec
1253 2185 1369 2259 omnia
1391 2193 1453 2258 ant
1475 2185 1520 2259 ad
1541 2185 1654 2258 clinici
1679 2182 1878 2282 professoris
1909 2183 2117 2282 provinciam
2150 2209 2228 2283 prce

704 2307 825 2380 ceteris
857 2305 1054 2393 reserenda,
1092 2311 1154 2380 eut
1188 2305 1352 2404 peculiari
1384 2305 1520 2392 lectori,
1558 2313 1598 2378 ut
1631 2305 1666 2377 in
1693 2313 1810 2380 nostre
1837 2303 2046 2390 Academia,
2071 2307 2227 2386 commit·

704 2423 811 2498 tende
832 2433 928 2500 sunt.
1024 2423 1025 2426 ’

753 2544 846 2616 Cum
875 2542 1075 2647 huiusmodi
1107 2547 1246 2630 autem,
1281 2565 1386 2640 quem
1414 2543 1601 2640 descripsi,
1627 2541 1859 2640 diagnostice,
1883 2544 2122 2619 connectends
2149 2555 2228 2618 eunt

704 2647 925 2762 pathologica
956 2663 1071 2736 studia
1114 2663 1342 2761 provectiora,
1376 2671 1415 2736 et
1445 2662 1626 2761 praecipue
1662 2673 1824 2740 anatome
1852 2664 2081 2764 pathologica.
2134 2665 2227 2740 Heec

704 2805 784 2856 vero
816 2806 909 2855 nunc
939 2782 1041 2879 longo
1075 2781 1143 2856 elia
1170 2781 1302 2856 ratione
1324 2783 1504 2860 uastando
1528 2791 1603 2870 est,
1635 2791 1741 2881 atque
1763 2784 1799 2858 in
1827 2784 2051 2874 rudimentis,
2076 2785 2148 2858 sive
2170 2811 2226 2884 pa·

705 2899 858 3000 tholegia
888 2902 1038 3000 generali
1069 2901 1183 2976 hum
1217 2901 1395 2978 habuerat.
1456 2904 1563 2981 Quod
1588 2905 1680 2978 enim
1706 2913 1791 2980 tunc
1816 2905 1860 2979 de
1882 2929 2091 3004 organorum
2117 2915 2227 2980 muta·

704 3021 861 3096 tionibus
883 3022 983 3120 qnasi
1004 3023 1172 3096 extremis
1196 3029 1334 3098 tantum
1359 3023 1459 3097 labiis
1479 3033 1702 3123 gustaverant
1723 3025 1902 3123 discipuli,
1929 3026 1965 3099 id
1988 3051 2082 3100 nunc
2104 3026 2227 3124 primes

705 3143 778 3242 egit
808 3151 942 3246 purtes;
977 3152 1014 3216 et
1043 3143 1202 3218 omnium
1232 3168 1440 3241 organorum
1476 3155 1511 3218 et
1542 3145 1686 3220 telarum
1711 3145 1987 3234 uicissimdiues,
2012 3147 2227 3246 pathologice

704 3269 865 3338 mune
888 3287 1018 3338 maero-
1043 3271 1078 3338 et
1101 3263 1363 3361 micresocpica,
1389 3265 1617 3362 explorandae
1645 3273 1739 3339 sunt.

755 3382 893 3458 Harum
926 3392 1042 3458 antem
1075 3384 1355 3481 explicandarum
1391 3385 1479 3458 ratio
1513 3385 1640 3482 duplex
1667 3394 1737 3459 est:
1770 3385 1815 3458 sb
1839 3385 1945 3460 altera
1970 3393 2068 3484 parte
2095 3409 2227 3460 neeesse

709 3509 783 3590 est,
817 3510 858 3575 ut
879 3503 1045 3578 adhibitis
1065 3503 1330 3601 speciminibus,
1353 3503 1550 3602 effigiebus,
1571 3505 1761 3601 aeuisque
1786 3505 1967 3593 subsidiis,
1991 3529 2111 3580 earum
2132 3506 2229 3578 detur

648 3615 654 3626 ’
708 3629 913 3720 conspectus
935 3623 1131 3721 pellucidus
1154 3633 1302 3722 apteque
1325 3626 1531 3712 cohaerens3
1555 3625 1603 3699 eb
1626 3627 1735 3700 alters
1754 3633 1851 3725 perte
1875 3627 1990 3724 ample
2017 3637 2053 3699 et
2073 3635 2228 3702 accurata

708 3742 914 3818 oaduvoeum
951 3767 1090 3830 corum,
1126 3743 1245 3841 quiin
1272 3743 1393 3819 clinice
1411 3745 1590 3832 obierant,
1626 3745 1803 3844 indagetio
1829 3747 1898 3820 huc
1923 3745 2082 3846 pertinet.
2129 3748 2227 3822 Quae

708 3860 886 3960 indagetio
924 3885 1029 3960 quam
1065 3863 1186 3962 megni
1219 3865 1266 3938 eit
1298 3867 1465 3939 momenti
1500 3867 1536 3940 in
1566 3865 1685 3940 coelos
1717 3866 1863 3940 incurrit
1896 3865 2154 3965 repetentibus:
2186 3864 2228 3938 ea

709 4005 805 4060 me
845 3981 971 4057 medici
1002 3982 1209 4082 hypotheses
1242 3986 1456 4073 confirmari,
1494 3986 1597 4061 lalana
1631 3987 1815 4085 redargui,
1849 3997 1955 4085 atque
1985 3995 2060 4060 tum
2077 3986 2228 4066 ,demum

709 4101 819 4176 fidum
855 4110 891 4176 et
924 4101 1137 4178 luculentum
1173 4105 1316 4202 originis
1349 4115 1383 4179 et
1411 4107 1702 4184 incrementorum
1729 4106 1841 4180 morbi
1867 4107 2053 4207 imaginem
2079 4105 2125 4180 ob
2152 4129 2228 4180 oce·

708 4218 760 4294 lna
785 4220 877 4316 poni.

758 4339 838 4414 Han
866 4339 997 4414 vatiam
1019 4350 1186 4430 tractata,
1209 4365 1290 4417 eum
1317 4343 1412 4421 hisce
1433 4344 1649 4444 pathologiae
1675 4347 1798 4420 stadiis
1815 4347 2001 4428 coniuncta
2015 4347 2151 4434 clinica,
2173 4349 2229 4432 ut,

709 4461 803 4560 qnod
837 4485 914 4536 earu
944 4485 1020 4540 esse
1051 4469 1204 4560 oportet,
1237 4487 1364 4561 nempe
1392 4465 1548 4542 studium
1576 4475 1755 4564 typorum,
1780 4467 1819 4539 ld
1844 4477 1897 4541 est
1916 4465 2115 4540 morborum
2135 4491 2228 4566 sym

707 4589 923 4682 ptomatum,
949 4607 1059 4680 quae,
1089 4583 1180 4658 iuste
1199 4583 1343 4658 definita
1366 4609 1406 4659 ac
1427 4584 1515 4658 bene
1539 4586 1718 4673 ordinate,
1740 4611 1785 4660 ex
1804 4586 1967 4666 chemicis
1986 4597 2049 4660 ant
2068 4587 2229 4684 morpho-

708 4701 827 4798 logicis
856 4703 960 4777 unius
992 4704 1186 4801 pluriumve
1207 4704 1361 4805 corporis
1386 4705 1535 4804 partium
1561 4707 1816 4780 mutationibus
1841 4705 1985 4783 derivari
2007 4715 2042 4780 et
2068 4707 2230 4806 explari

707 4829 863 4918 ponunt.
925 4821 1017 4896 Sunt
1055 4823 1207 4920 prolecto
1245 4826 1349 4904 multi
1382 4823 1495 4900 adhuc
1534 4827 1645 4900 morbi
1677 4828 1738 4924 qni
1770 4826 1815 4901 sd
1840 4834 1954 4900 certos
1989 4837 2110 4926 typos,
2142 4851 2230 4924 quos
