4918 6174
881 684 1157 752 ORATIO.
1735 691 1776 756 21

261 893 486 990 praestantior
507 894 711 968 botanicus''
738 896 848 992 magis
873 905 908 966 et
928 893 1036 968 amice
1058 894 1230 991 conspirat
1254 901 1289 964 ct
1311 893 1346 972 iu
1367 895 1487 968 eodem
1511 895 1637 970 honore
1660 895 1778 970 haberi

262 1019 412 1086 meretur
440 1037 510 1112 quo
535 1023 688 1088 caeterae
712 1035 851 1086 sorores.

310 1129 384 1227 ipsi
413 1129 590 1206 botanicae
611 1131 696 1204 hoec
722 1129 831 1203 amica
854 1131 1061 1230 conspiratio
1088 1130 1229 1204 maximi
1252 1132 1420 1206 momenti
1446 1145 1508 1206 est.
1562 1133 1610 1206 Ut
1639 1134 1780 1232 physica

262 1257 296 1322 st
330 1250 538 1326 astronomia
571 1250 646 1330 sine
680 1249 825 1324 mathesi
858 1259 1037 1348 nequeunt
1065 1249 1267 1336 consistere,
1311 1251 1359 1324 sic
1398 1251 1508 1326 cultor
1545 1251 1779 1352 physiologiae

261 1366 457 1466 plantarum
481 1393 542 1466 per
564 1369 734 1444 chemlam
759 1361 794 1442 et
822 1369 998 1467 physicam
1023 1369 1128 1442 veluti
1154 1394 1215 1466 per
1240 1370 1369 1467 gradus
1391 1370 1571 1445 adscendit
1591 1372 1638 1446 ad
1661 1372 1781 1449 altiora

263 1487 351 1561 vitae
384 1489 564 1587 organicae
596 1487 818 1586 problemate.
880 1489 999 1564 Discat
1034 1488 1214 1562 botanicus
1250 1513 1271 1561 a
1307 1489 1459 1577 chemia,
1497 1515 1567 1588 quo
1604 1501 1702 1589 pacto
1739 1517 1788 1568 ex,

262 1607 396 1705 analysi
429 1615 464 1681 et
492 1607 739 1705 compositione
767 1632 947 1705 corporum
980 1608 1015 1680 in
1046 1607 1249 1681 laboratorio
1270 1607 1453 1706 colligatur
1479 1633 1597 1683 earum
1622 1610 1782 1686 formatio

263 1735 300 1798 et
322 1725 496 1800 conversio
522 1726 558 1798 in
583 1727 658 1822 ipsa
692 1735 833 1812 natura,
867 1727 1140 1824 experimentum
1172 1726 1281 1800 discat
1303 1749 1324 1800 a
1346 1725 1506 1825 physico,
1538 1737 1693 1802 exactam
1719 1727 1780 1802 ob·

263 1844 486 1933 servationem
511 1843 556 1918 ab
580 1854 784 1918 astronomo.
837 1848 918 1923 Quo
939 1846 1104 1944 ampliora
1132 1855 1233 1918 erunt
1257 1845 1483 1921 fundamenta
1506 1872 1546 1920 eo
1575 1847 1724 1946 amplius
1747 1855 1783 1922 et

263 1963 329 2062 ipsi
353 1975 389 2036 et
414 1963 523 2061 ipsius
543 1963 610 2036 arti
634 1963 853 2060 profuturum
876 1975 937 2038 est.

311 2085 411 2158 Quae
441 2108 545 2156 causa
574 2093 627 2156 est
658 2107 720 2156 cur
748 2085 796 2168 iu
815 2085 889 2183 lege
927 2109 1019 2158 nunc
1052 2085 1187 2182 vigente
1208 2085 1293 2157 nihil
1320 2085 1366 2158 sit
1386 2085 1429 2158 de
1456 2109 1497 2188 ea
1520 2111 1556 2160 re
1581 2085 1782 2172 definitum,

264 2223 475 2298 quamquam
505 2225 621 2276 revera
655 2227 747 2274 nuno
777 2204 813 2276 id
843 2205 917 2276 lieri
951 2203 1134 2279 videmus?
1186 2202 1308 2301 Neque
1343 2204 1434 2276 euim
1470 2205 1637 2280 Botauica
1670 2229 1783 2302 neque

265 2321 427 2419 Zoblogia
458 2345 499 2394 ex
531 2321 607 2420 lege
630 2333 712 2396 suut
739 2332 850 2398 certae
880 2324 1074 2398 studiorum
1100 2333 1215 2422 partes
1243 2323 1302 2396 sed
1331 2324 1366 2395 in
1395 2324 1622 2421 propaedeusi
1645 2335 1782 2398 tautum

263 2443 445 2516 collocatae
473 2450 573 2529 sunt,
617 2453 652 2516 et
686 2443 734 2518 sic
766 2444 888 2518 eadem
923 2444 991 2518 illis
1020 2455 1076 2518 est
1111 2444 1328 2518 necessitudo
1358 2466 1438 2516 cum
1475 2443 1644 2518 medicina
1679 2451 1784 2542 atque

263 2585 342 2635 oum
367 2561 558 2659 disciplinis
584 2561 735 2660 physicis
761 2571 796 2634 et
819 2563 1080 2637 mathematicis.
1131 2563 1283 2636 'lantum
1313 2563 1347 2634 in
1373 2562 1436 2634 hac
1462 2561 1641 2636 Facultate
1666 2562 1785 2636 sedem

264 2678 369 2753 habet
407 2681 582 2758 botanices
619 2681 799 2779 professor.
850 2681 957 2754 Erant
989 2688 1103 2754 tamen
1138 2691 1176 2755 ut
1206 2705 1299 2754 nune
1331 2680 1378 2754 sic
1407 2689 1442 2753 et
1466 2681 1569 2766 olim,
1605 2682 1667 2779 qui
1702 2681 1784 2756 huic

264 2797 443 2872 botanicae
477 2799 542 2872 arti
578 2800 682 2872 vitam
717 2798 881 2872 dicarent.
933 2800 996 2872 Est
1033 2799 1098 2887 ita,
1136 2799 1197 2872 sed
1230 2798 1279 2872 illi
1315 2821 1428 2872 caram
1463 2799 1529 2872 sibi
1561 2811 1670 2873 artem
1703 2825 1783 2873 cum

263 2917 435 2994 medicina
460 2918 728 3018 coniungebaut.
780 2921 836 2992 An
864 2917 951 2992 forte
974 2919 1082 2992 sensit
1110 2919 1303 3018 legislator,
1341 2917 1463 2991 melius
1485 2919 1681 2992 botanicum
1703 2943 1784 2994 oum

265 3036 454 3134 disciplinis
489 3037 705 3112 naturahbus
736 3038 946 3112 consociari?
995 3039 1052 3112 An
1090 3038 1178 3112 forte
1215 3035 1417 3136 praevidens
1447 3036 1519 3111 lore
1550 3048 1589 3110 ut
1625 3037 1661 3112 in
1699 3037 1787 3113 hanc

263 3163 395 3254 partem
428 3157 706 3255 progrederetur,
741 3159 845 3232 simul
871 3158 1037 3257 impedire
1069 3158 1105 3232 id
1138 3157 1250 3233 noluit
1281 3163 1316 3229 et
1343 3155 1536 3230 naturalem
1568 3157 1618 3230 rei
1644 3167 1785 3250 cursum

264 3274 446 3350 cohibere?
487 3276 525 3350 Si
548 3276 597 3350 ita
627 3284 701 3363 est,
729 3285 764 3350 et
790 3276 962 3376 sapienter
981 3277 1131 3375 providit
1158 3286 1192 3350 et
1216 3275 1645 3373 prudenterseahstinuit.
1680 3276 1787 3352 Facta

266 3406 319 3470 est
350 3395 409 3470 illa
444 3397 618 3470 conversio
651 3422 720 3471 non
754 3404 909 3496 repente,
945 3397 1006 3471 sed
1038 3395 1165 3471 multos
1199 3406 1278 3494 post
1311 3419 1423 3468 annos
1453 3395 1589 3494 incepta
1619 3395 1785 3494 paulatim

266 3515 373 3590 erevit
402 3525 437 3588 et
468 3516 521 3590 his
554 3517 696 3590 demum
728 3518 828 3591 annis
859 3517 894 3589 iu
929 3517 1017 3590 hanc
1041 3524 1173 3615 partem
1190 3513 1404 3589 indubitate
1438 3513 1568 3616 trutina
1596 3514 1784 3590 inclinavit.

268 3635 372 3708 Nunc
414 3634 588 3733 legislator
625 3643 702 3710 tuto
736 3645 911 3711 mutatum
952 3660 1066 3718 rerum
1104 3645 1234 3712 statum
1267 3659 1471 3732 cognoscere
1505 3634 1633 3733 poterit
1671 3645 1705 3708 et
1741 3633 1787 3708 ad

269 3755 361 3828 hunc
384 3761 514 3828 statum
542 3755 653 3853 legem
676 3776 889 3855 componere.

317 3876 435 3952 Quam
466 3873 570 3962 simul
598 3875 747 3948 arduum
777 3884 813 3948 et
845 3877 1056 3974 praeclarum
1088 3876 1255 3960 officium,
1290 3873 1494 3960 Auditores,
1532 3873 1702 3949 incumbit
1738 3874 1785 3947 le·

269 3993 441 4093 gislatori,
478 3995 536 4068 cui
570 3993 770 4093 disciplinae
806 4005 842 4068 et
880 3991 1052 4070 institutio
1086 4019 1184 4069 cerae
1218 3994 1319 4066 sunt!
1372 3991 1604 4081 Universitas,
1637 3995 1673 4067 in
1714 4017 1784 4091 qua

271 4121 415 4210 utraque
440 4135 495 4186 res
521 4112 567 4188 ad
592 4137 766 4188 summum
791 4115 967 4214 fastigium
993 4115 1168 4201 evehitur,
1202 4138 1269 4188 non
1294 4123 1347 4187 est
1370 4112 1552 4187 artificiosa
1579 4137 1783 4212 compages,

271 4230 332 4306 sed
360 4241 398 4306 ut
421 4231 496 4329 ipsa
520 4231 715 4330 disciplina,
743 4259 851 4308 unum
873 4235 1013 4334 aliquod
1034 4244 1146 4309 totum
1173 4233 1328 4308 naturale
1349 4231 1571 4332 organicum,
1598 4232 1710 4330 quod,
1739 4230 1783 4306 ab
1878 4301 1884 4309 .

270 4349 396 4448 exiguo
419 4351 517 4425 initio
543 4359 677 4439 ortum,
702 4354 839 4442 crescit,
864 4355 981 4442 floret,
1006 4354 1072 4428 lert
1095 4353 1245 4441 fructus,
1270 4377 1462 4452 numquam
1490 4363 1599 4427 cessat
1624 4351 1685 4426 sed
1708 4374 1784 4448 per-

165 4553 167 4558 ,
269 4478 375 4567 petus
398 4471 617 4545 conversione
642 4472 745 4546 altius
768 4474 932 4548 escendit.

320 4590 501 4666 Quantum
528 4589 713 4676 sollertiae,
739 4599 919 4688 qnantum*
932 4593 1135 4692 prudentiae
1163 4591 1364 4690 requiritur,
1398 4598 1438 4663 ut
1468 4591 1555 4662 hauc
1583 4596 1784 4706 perpetuam

270 4709 540 4808 progressionem
571 4717 671 4784 acute
702 4709 884 4808 perspiciat
909 4719 944 4784 et
966 4711 1169 4786 liberalitate
1192 4719 1408 4809 promoveat,
1440 4717 1475 4781 ct
1502 4717 1643 4782 externa
1668 4705 1785 4794 omnia

271 4829 320 4903 ita
344 4827 496 4915 ordinet,
523 4839 562 4901 ut
590 4828 658 4904 vim
682 4830 852 4904 internam
879 4855 947 4906 non
976 4831 1141 4929 impediat
1169 4830 1332 4905 vinculis!
