4918 6174
891 701 1170 773 oanr10.
1746 707 1788 775 13

267 919 338 985 ast:
367 916 524 1009 oportere
542 933 639 998 eum,
665 909 727 1009 qui
750 909 879 986 tineam
901 935 1105 1010 cognoscere
1128 910 1228 999 velit,
1254 910 1363 986 facere
1390 912 1529 988 initium
1553 910 1790 988 emuooribus

267 1033 302 1108 iu
330 1030 528 1106 universum
553 1036 712 1106 accurate
737 1031 994 1129 cognoscendis

316 1271 452 1361 Quum,
476 1267 623 1344 Linnaei
645 1274 758 1343 aetate
782 1274 818 1342 et
846 1275 968 1356 autea,
995 1267 1146 1344 botanici
1173 1268 1263 1342 inter
1294 1291 1368 1372 sese
1398 1266 1619 1342 dissentirent
1646 1264 1690 1341 de
1714 1291 1792 1366 pur·

267 1388 357 1464 vulis
388 1389 424 1462 in
460 1387 543 1461 flore
574 1386 769 1486 plantarum
804 1387 997 1486 particulis,
1032 1411 1179 1486 quarum
1214 1385 1272 1460 alii
1300 1393 1362 1460 aut
1388 1386 1549 1485 exiguam
1572 1396 1634 1461 eut
1656 1386 1790 1462 nullam

267 1508 437 1585 rationem
463 1495 655 1595 habebant,
691 1506 752 1581 sed
785 1506 842 1580 elii
875 1506 1001 1580 rectius
1027 1521 1155 1604 organa
1181 1529 1256 1580 esse
1280 1504 1538 1580 arbitrabantur
1560 1504 1792 1604 generationis

268 1653 375 1728 quam
398 1635 433 1701 et
455 1626 594 1726 plantae
621 1624 803 1713 haberent,
829 1625 907 1722 quis
931 1632 1067 1724 poterat
1092 1625 1275 1723 suspicari,
1300 1624 1486 1723 aliquando
1516 1623 1675 1698 futurum
1699 1649 1791 1713 esse,

268 1756 310 1823 ut
335 1745 517 1822 artificiosa
538 1743 757 1818 foecundatio
779 1751 815 1817 at
841 1744 1051 1820 diversarum
1086 1745 1276 1844 specierum
1308 1744 1429 1819 mixtio
1463 1744 1560 1818 fieret
1590 1743 1793 1842 primarium

268 1864 537 1953 adminiculum,
561 1889 632 1963 quo
653 1863 777 1938 florum
802 1871 971 1939 amatores
992 1865 1228 1940 incredibilem
1249 1863 1436 1938 formarum
1457 1873 1492 1938 et
1512 1864 1664 1939 colorum
1686 1864 1792 1939 vane·

268 1993 374 2060 tatem
397 1984 539 2084 gignere
569 1989 729 2082 possent,
764 1993 800 2072 et
824 1983 886 2071 iis,
922 1983 984 2083 qui
1010 2010 1053 2060 ex
1076 1985 1254 2060 hortorum
1279 1983 1416 2058 cultura
1443 1983 1572 2059 victum
1599 1975 1792 2083 quaerunt,

268 2103 423 2205 opimum
450 2104 584 2178 luorum
613 2101 761 2177 afferret.

316 2223 481 2298 Nascitur
500 2223 537 2296 in
563 2223 702 2322 Europa
728 2231 763 2296 et
787 2223 843 2297 frio
864 2223 934 2298 illic
956 2225 991 2297 in
1017 2224 1128 2322 patria
1150 2232 1267 2298 nostra
1293 2222 1499 2322 planticula,
1524 2223 1561 2298 in
1586 2247 1674 2320 qua,
1700 2221 1795 2320 quod

269 2344 314 2418 ed
338 2342 425 2426 hanc
446 2342 745 2418 foecundationem
772 2343 915 2432 attinet,
942 2343 1084 2418 mirifica
1109 2344 1280 2443 quaedam
1304 2352 1504 2418 cernuntur.

317 2462 587 2537 Infundibulum
621 2462 691 2536 fere
725 2461 875 2537 referens
908 2465 1033 2539 corolla
1067 2489 1109 2538 ex
1134 2463 1263 2537 orificio
1288 2463 1358 2538 lato
1386 2463 1513 2537 desinit
1537 2463 1573 2536 in
1600 2462 1796 2561 angustias,

268 2592 443 2680 postremo
470 2582 540 2654 fine
566 2581 726 2656 dilatatas
749 2581 785 2654 in
810 2581 961 2679 spatium
985 2581 1185 2680 globosum,
1212 2582 1274 2654 ubi
1299 2589 1381 2655 sunt
1412 2581 1643 2679 generationis
1668 2606 1798 2680 organa

269 2699 442 2777 eiusmodi
465 2710 623 2774 concreta
646 2707 682 2772 et
707 2697 892 2797 disposita,
931 2708 970 2772 ut
1005 2701 1117 2799 pollen
1148 2701 1435 2774 foecundaturum
1471 2699 1679 2798 ecligmate
1707 2701 1799 2774 ultro

270 2819 380 2918 excipi
402 2842 471 2893 non
495 2817 613 2916 possit.
667 2816 736 2891 Sed
755 2817 868 2892 videte
890 2819 976 2918 quid
1003 2828 1136 2919 agatur.
1188 2821 1350 2906 Muscas,
1370 2819 1490 2892 florem
1513 2818 1699 2908 intrantes,
1724 2821 1796 2917 pol·

270 2939 326 3012 len
357 2935 575 3012 transferunt.
625 2933 901 3010 Animadvertite
928 2946 1071 3011 naturae
1095 2961 1246 3036 operam.
1298 2939 1340 3011 ln
1377 2937 1431 3011 his
1466 2937 1611 3011 floribus
1644 2939 1798 3038 primum

271 3057 434 3156 stigmata
454 3061 711 3142 maturescunt,
733 3079 845 3154 neque
865 3057 1015 3154 amplius
1034 3060 1079 3132 ad
1101 3056 1342 3157 excipiendum
1363 3057 1476 3154 pollen
1496 3057 1641 3132 idoneae
1660 3066 1742 3133 sunt
1759 3083 1801 3132 eo

272 3184 443 3275 tempore,
471 3200 541 3273 quo
573 3175 775 3274 aperiuntur
805 3176 978 3251 antherae.
1030 3178 1154 3275 ltaque
1187 3177 1255 3250 iam
1282 3183 1362 3250 ante
1386 3201 1506 3250 musca
1527 3178 1640 3275 pollen
1664 3178 1709 3252 ab
1733 3177 1801 3253 alio

272 3295 355 3371 flore
387 3301 542 3369 sumtum
579 3295 624 3370 ed
660 3295 788 3394 stigma
817 3295 1004 3370 transtulit.
1057 3295 1128 3370 Sed
1152 3295 1256 3369 simul
1289 3303 1391 3393 capta
1422 3295 1599 3400 retinetur.
1650 3296 1802 3372 Inferius

275 3415 425 3517 matium
456 3414 570 3504 floris,
596 3439 666 3514 quo
688 3415 880 3514 penetravit
903 3439 1040 3503 musca,
1067 3416 1239 3490 seclusum
1264 3422 1301 3487 et
1325 3414 1490 3488 vallatum
1523 3422 1576 3488 est
1593 3414 1691 3514 pilis,
1720 3417 1799 3515 qui,

274 3535 458 3610 introrsum
480 3533 651 3622 conversi,
673 3533 808 3608 facilem
827 3535 993 3633 praebent
1011 3533 1190 3608 introitum
1217 3535 1278 3608 sed
1299 3533 1391 3606 exire
1415 3556 1483 3607 non
1505 3533 1696 3632 patiuntur.
1729 3535 1799 3608 Sed

273 3661 460 3754 postquam
480 3654 641 3728 antherae
660 3659 798 3753 apertae
820 3661 901 3727 sunt
923 3664 1138 3730 marcescunt
1157 3653 1237 3754 pili,
1258 3661 1292 3726 et
1311 3653 1471 3752 aperiunt
1490 3654 1633 3730 exitum.
1661 3654 1799 3730 Onusta

275 3773 402 3873 polline
417 3799 536 3850 musea
555 3774 602 3849 ed
621 3773 727 3849 alium
743 3774 861 3847 florem
883 3774 1088 3862 transvolat,
1113 3784 1148 3848 et
1169 3773 1261 3847 hunc
1286 3797 1425 3872 quoque
1449 3773 1651 3862 foecundat,
1678 3785 1713 3848 et
1734 3774 1797 3848 ite·

275 3917 352 3968 rum
368 3893 403 3967 in
422 3917 555 3968 carcero
573 3901 644 3982 est,
663 3894 771 3968 donec
791 3880 917 3968 novem
936 3895 1005 3967 vim
1022 3893 1160 3993 pollinis
1178 3893 1336 3968 auferens
1352 3893 1473 3969 evolet.
1510 3893 1542 3967 Ο
1561 3893 1798 3968 admirabilem

277 4011 416 4088 artificis
428 4021 571 4090 naturae
584 4013 783 4088 sollertiam!
810 4013 901 4091 Quis
913 4013 995 4088 talia
1007 4013 1243 4112 contemplans
1259 4013 1302 4086 de
1315 4013 1468 4088 illiusrei
1485 4013 1632 4086 utilitate
1647 4013 1801 4109 cogitet?

324 4133 376 4209 At
398 4132 450 4206 vel
474 4133 522 4209 sic
547 4142 663 4208 tamen
686 4179 736 4196 -
762 4131 899 4208 Vanilla
930 4135 1114 4208 aromatica
1149 4159 1192 4208 ex
1224 4133 1406 4207 Mericana
1440 4157 1499 4207 ora
1524 4132 1729 4206 transfertur
1761 4133 1797 4206 in

277 4249 440 4350 Europae·
455 4252 582 4328 hortos.
634 4256 676 4328 In
703 4253 778 4328 eius
801 4253 944 4327 floribus
966 4255 1041 4356 pari
1063 4255 1167 4328 modo
1188 4254 1335 4328 stamina
1358 4277 1438 4327 cum
1460 4251 1549 4350 stylo
1571 4250 1695 4326 coalita
1717 4253 1799 4326 sede

278 4393 341 4444 aua
366 4371 620 4447 foecundationi
642 4373 793 4448 obstant.
845 4373 1002 4471 Suspicio
1036 4382 1089 4448 est
1119 4373 1188 4448 illic
1211 4397 1349 4472 quoque
1372 4371 1579 4447 insectorum
1605 4397 1669 4470 ope
1693 4395 1797 4469 nego·

279 4487 367 4562 tium
390 4491 527 4578 confici,
555 4493 616 4566 sed
642 4517 710 4566 uon
736 4494 864 4567 dantur
887 4493 946 4567 illa
973 4491 1103 4568 insecta
1129 4495 1164 4566 in
1189 4493 1295 4568 hortis
1320 4493 1518 4591 Europaeis.
1566 4495 1711 4566 Factum
1746 4497 1801 4565 est

279 4609 490 4707 periculum,
509 4619 669 4710 possetne
688 4611 724 4684 id
741 4612 837 4708 quod
854 4613 984 4686 insecta
1005 4612 1172 4698 facerent,
1193 4623 1264 4686 arte
1287 4615 1435 4710 quadam
1455 4612 1538 4686 fieri.
1565 4613 1636 4684 Res
1654 4609 1797 4684 feliciter

280 4731 463 4821 successit,
498 4741 534 4828 et
568 4733 685 4831 planta
716 4733 752 4806 in
787 4731 870 4811 alias
903 4733 1023 4831 plagas
1057 4732 1203 4830 tropicas
1231 4733 1411 4819 translata,
1443 4731 1564 4809 eodem
1581 4731 1807 4806 adminiculo·

280 4850 398 4927 adiuta
423 4851 616 4931 uberrimos
638 4851 770 4928 fructus
794 4850 885 4928 tuit.
