4864 6180
841 677 1120 746 thAr'IlIO.
1678 681 1752 748 1οῦΙ

218 886 326 968 nister
347 885 415 985 qui.
434 885 538 960 retus
563 887 703 962 bellicis.
717 895 873 987 present,
906 887 942 962 io
966 888 1122 962 sclutcm.
1141 886 1311 962 cuercitns
1333 887 1478 978 Betcri,
1511 887 1554 968 in
1572 887 1737 963 honorem

219 1005 474 1081 universitatis.
487 1007 858 1088 Rheno-Treiectinccl
901 1009 1032 1107 Ecquis
1054 1008 1217 1096 miretur,
1242 1007 1418 1084 Secutum
1435 1007 1742 1082 Amstclodemcns

218 1151 290 1208 sem
317 1135 480 1202 cocetum
502 1127 628 1217 luisse,
655 1129 765 1202 virum
790 1129 850 1227 qui
871 1136 968 1202 mutu
993 1129 1154 1227 perficere
1181 1126 1307 1215 uoluit,
1334 1127 1465 1226 quique
1488 1138 1523 1205 ct
1549 1129 1585 1203 in
1600 1129 1747 1228 physio·-

219 1247 319 1346 lcgie
341 1255 388 1320 et*
409 1245 446 1320 iu
474 1246 773 1346 ophthalmclogic.
792 1248 1033 1347 principatum
1049 1257 1163 1335 tecet,
1199 1247 1342 1322 Scholcc
1369 1248 1530 1324 Medione
1551 1247 1752 1348 adiungere·

220 1375 292 1442 tum
315 1365 500 1465 insigniter
515 1367 767 1465 amplificatae?
804 1369 888 1468 Ego
903 1369 1044 1466 quidem
1067 1367 1218 1442 edmircr
1239 1375 1422 1455 cocetum,
1448 1394 1552 1467 quem
1578 1393 1738 1460 successu

172 1535 177 1546 ·
218 1486 377 1564 caruisse·
392 1493 470 1559 tots·
487 1483 636 1562 lcctctur
654 1486 855 1560 Ancdemis.
904 1488 1089 1574 laetetur,
1115 1487 1217 1585 quod·
1231 1486 1344 1560 locum
1363 1487 1736 1586 relinquere-coluisti,

222 1629 332 1704 quem
359 1608 401 1679 in
427 1605 574 1684 civiutr's
610 1606 940 1706 disciplinarumque
970 1605 1189 1681 commodum
1214 1613 1289 1679 um·
1309 1605 1456 1704 gloriose
1480 1631 1646 1706 occupas,
1676 1631 1751 1706 pro.

223 1749 291 1823 que
324 1724 463 1824 egregio
496 1725 600 1800 hocce
632 1725 888 1800 benevolentiae
922 1727 1141 1824 puritatisque
1177 1725 1374 1800 testimonio
1409 1727 1543 1826 gratiss
1572 1727 1645 1802 tibi·
1665 1727 1750 1826 ugit:

224 1869 328 1944 quom
363 1843 540 1918 mcximss:
592 1845 644 1918 Tc
670 1846 759 1918 duce
790 1845 910 1920 florere
936 1855 1065 1945 perget·
1079 1847 1115 1919 in
1139 1845 1209 1919 hcc·
1227 1845 1416 1920 Academia
1444 1846 1683 1947 Physiologice
1709 1853 1754 1922 et*

224 1963 547 2063 Ophthclmologice
572 1964 747 2038 studium!

269 2203 401 2302 Neque
423 2229 481 2278 vos
503 2202 774 2302 prcctcrmitterc
795 2205 848 2282 lus
870 2213 943 2293 est,
975 2202 1155 2278 clarissimi
1178 2203 1413 2278 Helbertsmc·
1427 2211 1463 2282 ct
1486 2201 1657 2290 Gnosis,
1684 2202 1750 2300 qui

224 2321 343 2422 primo
365 2323 437 2396 viee
468 2322 588 2397 huius·
602 2325 812 2404 rtucdcmiee
844 2326 991 2399 netclern
1029 2323 1210 2398 nobiscum
1245 2321 1439 2397 celebretis.
1489 2321 1610 2396 Nostis
1624 2348 1628 2355 ·
1642 2345 1754 2419 quum

226 2440 391 2516 benevole
422 2466 525 2541 quem
560 2443 668 2516 amice
695 2468 753 2517 vos
777 2444 1037 2542 exceperimus;
1072 2443 1144 2541 ipsi·
1164 2443 1343 2530 nouimus,
1378 2440 1555 2515 concordis
1578 2465 1647 2515 ncn
1675 2451 1755 2514 tuns

226 2571 310 2636 tumr
326 2561 480 2660 collegii,
506 2562 567 2636 scd
589 2563 763 2637 cmicitice
787 2589 928 2662 quoquc
953 2562 1096 2636 vinculis
1119 2562 1302 2640 nobiscum
1332 2560 1498 2659 coniungi
1523 2585 1626 2636 curce
1655 2559 1752 2634 uobis
1799 2605 1802 2610 ·

225 2681 399 2779 cordique·
421 2705 507 2756 esec.
556 2681 637 2760 'libi
658 2683 833 2757 uerissime
861 2682 1029 2770 Griuwis,
1055 2681 1216 2756 facillime
1242 2680 1331 2754 illud
1356 2680 1440 2768 erit,
1468 2680 1752 2778 quondoquidem

223 2802 442 2882 introductio
475 2823 565 2873 ceo
598 2800 640 2874 cli
673 2825 736 2875 ven
772 2804 882 2891 Rscs,
914 2826 1019 2900 quem
1054 2801 1195 2874 mcximi
1225 2800 1371 2874 fecimus
1403 2823 1547 2888 omnes,
1580 2799 1757 2897 cuiusque·

225 2920 424 3018 exemplum
456 2919 770 3018 sequendo-dubio
799 2922 917 3020 procul
950 2909 997 2994 et'
1020 2920 1248 3019 praestabilis.
1267 2917 1339 2990 eris
1367 2918 1549 3016 magister,
1575 2927 1611 2992 et
1635 2929 1759 2994 cestu·

228 3039 444 3118 mittissimus
474 3038 580 3112 nobis
605 3041 747 3115 cinicus.
802 3041 877 3116 suc
908 3040 1015 3140 igitur
1046 3039 1150 3138 opero
1183 3047 1222 3113 ut
1244 3037 1391 3136 Physica
1416 3039 1678 3128 mathematice,
1704 3039 1754 3116 sio

229 3159 332 3235 etism
357 3158 509 3236 cmioitic
531 3158 651 3233 llorere
676 3162 820 3258 pergctl

300 3279 375 3367 Tu,
408 3277 617 3352 amicissimo
647 3279 891 3368 Helbertsmc‚
924 3279 1118 3368 difficilem,
1152 3287 1192 3360 ot
1219 3280 1374 3377 pulcrum
1405 3277 1587 3376 suscepisti
1618 3277 1756 3377 provin·

228 3398 328 3474 cismc
378 3399 590 3472 Gussercrio
611 3399 783 3474 suffectus
799 3425 855 3488 es,
888 3401 948 3498 qui
975 3399 1113 3474 temetsi
1140 3423 1275 3498 paucos
1295 3400 1481 3474 domtusst
1505 3423 1642 3472 menses
1664 3397 1755 3472 inter

231 3539 304 3591 cos·
325 3527 484 3592 senectus·
512 3516 599 3605 fuit,
634 3530 670 3592 et
704 3545 848 3593 summe
862 3520 1037 3598 coccinus
1059 3518 1287 3617 prccstcntio,
1314 3527 1350 3592 et
1370 3543 1459 3593 uero*
1476 3517 1584 3592 cninri
1609 3517 1760 3593 candore

230 3661 253 3712 c
276 3638 412 3712 nemine
437 3660 514 3710 non¹
528 3635 705 3712 colebatur
729 3639 763 3712 in
789 3640 1053 3736 multorumque
1075 3648 1236 3736 receptos
1257 3645 1332 3712 erut
1353 3637 1552 3712 omiciticm.
1603 3637 1759 3736 Tempus

232 3763 273 3832 et.
290 3758 530 3856 opportunitas
552 3757 628 3857 ipsi:
645 3757 851 3848 defuerunt,
878 3761 1008 3858 quibus
1031 3783 1119 3858 opus
1144 3758 1266 3831 luisset
1287 3758 1332 3832 cd
1357 3759 1445 3832 cmm
1471 3756 1660 3857 parendum
1687 3780 1760 3856 quc·

72 3919 81 3932 ·
230 3876 401 3960 cliuicurm
425 3878 720 3978 gynscclcgr'cuuc
749 3878 941 3958 instituens:
970 3879 1079 3978 possis
1113 3877 1202 3952 ortis
1227 3885 1262 3952 et
1288 3877 1488 3976 disciplinae
1516 3877 1758 3976 progressibus

232 4019 429 4096 congruum.
480 3999 574 4072 Tele·
589 3998 753 4074 clinicum
785 3999 984 4098 postulasti:
1011 4010 1112 4074 tuum
1133 3998 1240 4098 igitur
1265 3998 1338 4076 erit
1354 3997 1441 4071 illud
1464 4020 1588 4074 creares
1640 3995 1762 4074 Mults

233 4117 301 4192 um
325 4117 454 4206 fecisti,
478 4119 531 4192 vel
556 4118 667 4193 fucere
695 4117 834 4204 studes,
869 4141 1016 4216 quorum
1043 4116 1291 4214 utilitasgrcte
1316 4113 1525 4214 agnoscitur.
1577 4111 1628 4185 Ut
1650 4110 1761 4188 ueteri

233 4237 457 4337 professores,
483 4239 550 4337 qui
569 4237 621 4312 vel
644 4237 878 4337 pcthologium
902 4237 953 4310 vel
983 4235 1101 4337 prcxin
1126 4235 1196 4310 sive
1220 4235 1411 4322 medicem,
1437 4233 1507 4308 sive
1527 4231 1756 4332 chirurgicsm

236 4355 378 4446 docent,
408 4357 523 4436 sic-tu
551 4383 690 4458 quoquc
718 4383 815 4457 spem
843 4381 980 4432 omnem
1010 4357 1109 4455 ponis
1133 4357 1168 4430 in
1192 4380 1300 4444 novo,
1335 4353 1429 4454 quod
1452 4355 1660 4441 exorditur,
1685 4353 1757 4426 No·

237 4476 395 4552 soccmio.
438 4477 618 4577 Spondcnt
644 4501 841 4552 successum
865 4487 902 4550 et
920 4478 1022 4550 flrmc·
1044 4487 1106 4550 tun
1128 4476 1306 4564 uoluntas,
1332 4483 1367 4549 et
1391 4474 1523 4573 ingenii
1549 4473 1666 4560 dctes;
1692 4493 1757 4548 nec

236 4595 489 4685 dubitcndum-,
525 4597 610 4696 quin
646 4597 898 4672 consuetudins
931 4606 968 4670 et
1003 4596 1233 4674 lumilieritctc
1265 4595 1460 4669 multorom·
1479 4591 1672 4667 amicitiem·
1692 4588 1758 4666 tibi

236 4737 366 4814 perure·
380 4741 513 4817 perges.

1522 4951 1595 5028 14·
