4864 6180
869 676 1148 753 ORthO.
1702 677 1765 744 109

238 894 405 967 Ioannem
427 893 568 967 Petrum
591 863 823 989 Wijnmalen,
851 889 941 963 luris
966 887 1191 972 Studiosum,
1219 883 1498 959 Hildebrandum
1514 883 1631 969 Issen,
1651 884 1762 957 Theo·

239 1011 349 1110 logice
387 1009 610 1096 Studiosum,
650 987 852 1084 Didericnm
895 1008 1029 1105 Appel,
1071 1005 1281 1103 Theologiae
1319 1003 1543 1092 Studiosum,
1584 1003 1655 1077 vita
1691 1028 1763 1076 cea·

239 1129 345 1218 usse,
379 1153 611 1230 magnamque
642 1127 729 1202 adeo
763 1153 859 1228 spem
893 1136 928 1202 et
957 1126 1247 1223 exspectationem
1277 1124 1433 1222 cognatis
1452 1124 1641 1222 amicisque
1667 1148 1763 1221 prae·

237 1248 343 1323 cisam
370 1273 456 1324 esse.

287 1369 489 1443 Gandemns
512 1392 591 1443 cero
615 1369 658 1444 de
680 1343 825 1443 nummo
848 1365 1032 1440 honorifico
1060 1363 1169 1463 Regis
1190 1363 1330 1438 nomine
1354 1363 1549 1437 Medicinae
1571 1363 1764 1437 candidatis

238 1485 391 1574 tributo,
423 1489 485 1586 qui
519 1510 633 1585 neque
665 1487 754 1561 vitae
779 1483 952 1583 periculo,
978 1507 1091 1580 neque
1119 1483 1193 1556 aliis
1218 1482 1447 1556 incommodis
1473 1483 1665 1570 absterriti,
1691 1508 1763 1557 sae·

240 1606 353 1680 vieuta
389 1606 561 1682 dirissima
592 1607 744 1692 cholera,
779 1605 822 1678 de
848 1603 981 1677 civibus
1007 1603 1059 1677 vel
1081 1602 1137 1675 bic
1163 1604 1216 1676 vel
1241 1602 1324 1677 alibi
1347 1601 1555 1700 degentibus
1577 1628 1681 1701 quarn
1705 1627 1765 1700 op·

239 1723 323 1798 time
348 1725 461 1798 meriti
489 1734 584 1800 sunt.
1548 1797 1555 1810 ,

289 1843 476 1920 verissime
501 1869 602 1920 sene:
629 1845 724 1919 omni
751 1845 856 1919 aetati
884 1854 1028 1919 mortam
1056 1866 1278 1916 communem
1306 1867 1391 1917 esse.
1443 1843 1517 1916 Nec
1540 1842 1763 1916 adolescenti-

240 1964 307 2037 bus
334 1964 402 2038 illis
436 1966 607 2065 pepercit,
640 1988 704 2038 nec
727 1965 800 2038 seni
823 1965 1018 2063 decrepito,
1049 1962 1234 2061 apparitori
1259 1962 1346 2036 rude
1371 1963 1517 2049 donato,
1548 1985 1608 2059 per
1630 1965 1678 2033 40
1703 1985 1764 2035 an·

241 2107 363 2158 norum
392 2085 543 2184 spatium
571 2087 616 2160 de
643 2085 706 2161 hac
730 2084 919 2160 Academia
944 2083 1031 2157 bene
1057 2082 1201 2169 merito,
1226 2083 1313 2156 lano
1339 2083 1382 2155 de
1409 2079 1546 2177 Krnyll.
1572 2075 1574 2080 ’
1599 2079 1767 2153 Nonnulli

241 2203 448 2301 professores
475 2205 608 2280 funeris
639 2205 820 2302 exsequias
853 2203 1025 2302 prosecuti
1059 2212 1163 2289 sunt,
1199 2226 1262 2275 nec
1290 2201 1402 2274 deluit
1425 2201 1587 2274 defuncto
1612 2200 1767 2274 funebris

239 2323 368 2410 oratio,
395 2326 567 2422 supremis
591 2325 668 2398 eins
692 2323 855 2398 laudibus
879 2321 1073 2396 abundans.

292 2560 520 2633 Personarum
564 2559 729 2634 relatione
770 2559 945 2644 absoluta,
982 2569 1088 2631 restat
1123 2563 1163 2630 ut
1198 2582 1306 2655 pauca
1344 2558 1454 2632 dicam
1494 2559 1537 2631 de
1575 2557 1769 2632 studiorum

241 2677 424 2776 praesidiis
463 2688 498 2754 et
535 2679 757 2778 supellectilis
790 2678 1004 2753 academicae
1038 2685 1143 2751 statu.
1195 2678 1399 2751 curatorum
1436 2678 1651 2776 providentia
1681 2703 1769 2753 nora

247 2797 422 2873 conclavia
456 2799 538 2874 hnic
566 2779 733 2874 'aedificio
762 2799 924 2872 adiuncta
958 2805 1060 2883 snut,
1094 2795 1355 2893 probationibus
1381 2795 1574 2894 scholisque
1601 2796 1770 2871 habendis

240 2913 423 2988 destinata.
475 2917 558 2993 Qua
593 2916 735 3014 quidem
772 2914 1011 3014 coniunctione
1049 2914 1181 2988 lactum
1222 2925 1294 3002 est,
1332 2924 1371 2987 ut
1400 2939 1468 2988 uno
1495 2917 1769 3015 eodemquedie

240 3032 372 3132 privata
409 3034 606 3132 speciminis
640 3035 825 3110 academici
862 3033 1014 3108 defensio
1054 3042 1159 3132 atque
1194 3057 1337 3107 examen
1379 3035 1668 3125 adolescentium,
1705 3035 1768 3134 qui

240 3151 373 3228 civibus
417 3155 621 3228 academicis
666 3154 815 3230 adscribi
856 3164 1041 3254 cuperent,
1081 3155 1196 3230 locum
1242 3154 1367 3227 habere
1406 3155 1565 3252 potuerit.
1633 3157 1767 3260 Operae

240 3272 388 3370 pretium
423 3272 588 3347 duximus
622 3273 710 3348 illud
744 3283 883 3362 notare,
920 3275 1084 3373 qnoniam
1117 3275 1154 3348 in
1192 3272 1375 3348 annalibus
1416 3273 1520 3346 huins
1558 3273 1767 3348 Academiae

240 3391 308 3465 tale
344 3391 430 3488 qnid
460 3391 575 3467 adhuc
602 3418 743 3491 prorsus
773 3395 970 3470 inauditnm
1004 3402 1088 3470 erat.
1150 3394 1251 3468 Grati
1281 3418 1442 3494 snmus,¹
1461 3393 1553 3467 haud
1581 3417 1658 3466 vero
1685 3418 1765 3467 con·

242 3511 341 3584 tenti.

289 3629 504 3704 Bibliotheca
532 3633 726 3708 academica
749 3631 874 3730 partim
895 3631 1047 3705 emtione
1070 3629 1196 3727 partim
1224 3630 1410 3705 donatione
1436 3630 1500 3704 hoc
1531 3655 1640 3718 anno,
1674 3632 1767 3706 mille

241 3749 374 3824 circiter
396 3751 597 3849 quingentis
618 3761 653 3825 et
681 3751 935 3850 quinquaginta
962 3749 1199 3823 voluminibus
1227 3749 1433 3848 locupletata
1459 3759 1523 3825 est.
1557 3752 1632 3826 Nec
1656 3752 1767 3826 deluit

242 3870 392 3966 spatium
414 3870 459 3944 ad
483 3895 523 3944 ea
547 3871 744 3946 collocanda
769 3871 1010 3946 necessarium.
1062 3869 1169 3947 Quod
1196 3870 1225 3942 si
1252 3871 1330 3968 quis
1353 3871 1480 3945 dubiae
1507 3872 1765 3970 significationis

243 4012 317 4069 etse
349 3999 504 4078 censeat,
541 3991 627 4066 sciat
660 3991 733 4078 ille,
769 3991 1020 4065 Bibliothecam
1048 4000 1201 4064 nostram
1230 4001 1265 4064 et
1293 3991 1443 4065 locorum
1473 3991 1702 4087 amplitudine
1730 3999 1766 4064 et

242 4107 407 4184 librorum
430 4110 623 4184 accessione
648 4110 818 4210 gradatim
845 4111 1042 4185 increscere.

295 4229 325 4300 Ε
357 4227 476 4317 novis,
501 4253 588 4329 qaas
612 4230 821 4328 accipimus,
846 4229 943 4303 libris
967 4228 1143 4330 speciatim
1169 4230 1429 4302 commemorari
1451 4241 1645 4304 merentur:
1736 4267 1739 4276 v

294 4349 342 4422 1⁰.
384 4347 485 4446 Opus
517 4349 751 4447 praeclarum,
787 4351 823 4423 in
859 4360 998 4424 centnm
1022 4356 1057 4422 et
1082 4348 1261 4448 sexaginta
1286 4348 1477 4437 volumina,
1502 4348 1611 4424 forma
1639 4349 1765 4422 maiore

242 4467 413 4554 divisum,
455 4468 511 4540 cui
549 4467 691 4543 titulus:
746 4469 982 4543 aDocuments
1022 4468 1301 4567 parlamentaires
1338 4467 1382 4542 de
1419 4469 1452 4542 la
1490 4468 1680 4568 Belgique,
1720 4467 1764 4542 de

242 4585 376 4662 l’annee
419 4588 697 4664 1830-418673'
747 4588 854 4666 Quod
890 4588 1033 4686 quidem
1064 4613 1152 4687 opus
1187 4589 1271 4662 ordo
1305 4587 1620 4662 Iurecnnsultorum
1651 4611 1765 4662 emere

243 4707 360 4806 potnit
385 4707 622 4782 munificentia
649 4707 712 4781 viri
733 4707 956 4806 amplissimi,
982 4707 1191 4782 Academiae
1217 4706 1444 4780 Curatoribns
1467 4705 1650 4806 adscripti,
1671 4706 1765 4780 Petri

241 4826 285 4900 de
306 4825 492 4915 Beanlort,
519 4826 576 4902 cui
598 4826 738 4926 publice
759 4826 888 4926 gratius
912 4826 1050 4925 agimus
1076 4851 1181 4924 quam
1205 4825 1382 4901 maximas.
1459 4871 1460 4874 =
