4918 6174
876 667 1155 737 onnrlo.
1730 676 1772 740 29

257 876 493 974 quaestionem
528 875 676 975 positam
707 876 752 950 ab
787 877 893 950 altere
923 874 1121 972 Teyleriana
1155 875 1316 949 societate
1345 901 1451 973 ques,
1487 902 1595 975 quum
1617 881 1769 978 praemio

256 1003 376 1070 ornata
409 1003 521 1084 esset,
554 996 630 1094 ipso
658 996 793 1071 volente
826 994 1054 1070 constitutum
1087 1002 1140 1068 est
1170 995 1324 1069 utillud
1354 1005 1599 1094 argumentum
1633 999 1772 1098 penitus

257 1112 373 1187 omnin
398 1113 590 1213 colligendo
619 1114 822 1189 exhauriret.
879 1115 921 1186 In
953 1113 1042 1186 hanc
1077 1136 1150 1185 rem
1181 1137 1217 1186 se
1252 1121 1363 1188 totum
1393 1114 1490 1189 dedit
1515 1124 1550 1190 et
1575 1118 1623 1194 ita
1650 1128 1769 1193 natum

258 1239 312 1308 est
336 1257 425 1330 opus
450 1233 538 1308 illud
568 1231 810 1331 splendidum,
841 1233 940 1308 onius
973 1241 1087 1306 tomus
1117 1255 1231 1306 nonus
1259 1241 1295 1308 et
1318 1234 1462 1308 ultimus
1484 1243 1564 1310 ante
1594 1237 1773 1313 biennium

258 1352 324 1426 hoc
347 1352 527 1427 absolutus
551 1359 614 1428 est.
1777 1417 1779 1422 ,

309 1473 353 1546 l'n
381 1472 449 1547 illis
481 1471 604 1546 studiis
638 1477 790 1544 versatus
817 1473 859 1546 cl.
896 1495 960 1545 van
995 1470 1055 1543 der
1090 1469 1186 1567 Chys
1219 1469 1388 1566 placidam
1428 1479 1463 1545 et
1488 1473 1642 1570 quietam
1671 1477 1775 1552 vitam

260 1593 447 1691 transegit,
472 1613 683 1689 quamquam
708 1615 776 1663 non
796 1613 859 1688 pro
879 1614 943 1663 suo
962 1588 1162 1687 disciplinae
1185 1612 1301 1662 amore
1325 1613 1346 1662 a
1369 1590 1491 1663 ceteris
1509 1599 1723 1670 sustentatus
1739 1605 1775 1671 et

261 1712 413 1788 adiutus.
471 1711 595 1808 Neque
630 1716 745 1783 temen
779 1708 912 1784 ferebat
943 1709 1018 1782 eius
1052 1717 1175 1783 natura
1211 1719 1251 1782 ut
1287 1711 1323 1782 in
1361 1708 1546 1783 solitudine
1580 1713 1775 1788 studiorum

260 1833 394 1908 nactus
416 1837 561 1928 caperet.
611 1828 761 1902 Facilem
784 1828 918 1902 editum
939 1827 985 1902 ad
1004 1853 1087 1928 opes
1108 1851 1189 1902 suas
1211 1827 1398 1925 unicuique
1421 1829 1588 1924 praebens
1610 1842 1645 1905 et
1664 1833 1775 1908 aliena

262 1950 377 2025 studia
411 1956 580 2046 quantum
616 1955 751 2046 poterat
783 1947 969 2034 adiuvans,
1009 1945 1075 2021 sibi
1103 1947 1178 2047 ipsc
1205 1946 1440 2046 gratissimum
1469 1947 1579 2024 fecere
1605 1951 1777 2026 fatebatur
1822 1969 1824 1974 ·

261 2067 337 2142 illos
364 2066 425 2165 qui
449 2064 568 2138 musei·
587 2065 701 2162 copias
731 2064 891 2138 lubenter
920 2073 955 2139 et
978 2073 1109 2140 attente
1136 2091 1339 2164 cognoscere
1366 2067 1564 2143 voluissent.
1615 2072 1777 2146 Testatur

262 2189 300 2262 id
334 2187 485 2272 libellus,
519 2207 625 2283 quem
658 2183 752 2258 brevi
785 2192 865 2259 ante
900 2193 1044 2259 mortem
1081 2186 1228 2262 absolvit
1263 2195 1298 2258 et
1328 2211 1432 2284 quem
1464 2188 1569 2262 veluti
1600 2190 1636 2262 in
1674 2215 1778 2265 suum

264 2307 376 2382 loeurn
400 2307 525 2381 ducem
546 2304 678 2378 itineris
708 2312 744 2378 et
769 2305 989 2403 interpretem
1014 2305 1153 2405 reliquit
1182 2305 1267 2391 illis,
1293 2308 1354 2402 qui
1379 2331 1496 2380 cerum
1523 2309 1590 2406 ipsi
1618 2291 1776 2385 museum

263 2426 406 2526 posthae
427 2424 595 2522 inspicere
619 2432 794 2522 cuperent.

314 2547 390 2634 Iam
415 2543 580 2619 antehoc
604 2543 793 2617 triennium
815 2543 927 2640 primo
948 2543 1147 2640 apoplexiae
1170 2542 1261 2632 ictu,
1284 2569 1305 2617 a
1328 2568 1399 2640 quo
1423 2546 1559 2619 nonnisi
1582 2547 1779 2644 imperfecte

264 2665 455 2749 convaluit,
489 2663 712 2737 labefactatus
745 2661 928 2734 succubuit
952 2660 1103 2734 secundo
1130 2660 1264 2757 impetu
1288 2686 1395 2735 ennos
1421 2665 1599 2760 sexaginta
1623 2665 1778 2762 quinque

267 2791 380 2859 natus.
1017 2841 1021 2848 .

316 2903 480 2974 Museum
504 2897 805 2992 numismatorum,
836 2896 944 2970 donec
972 2896 1015 2969 de
1039 2921 1080 2970 ea
1110 2921 1146 2970 re
1176 2903 1402 2984 statueretur,
1426 2898 1616 2974 doctissimi
1640 2903 1782 2976 lanssen

269 3045 369 3095 curae
396 3018 618 3093 commissum
646 3025 709 3089 est.

318 3258 450 3332 Ceteris
478 3253 731 3330 Pmlessoribus
753 3254 823 3329 lete
846 3265 1088 3354 pepercerunt,
1116 3253 1177 3326 sed
1200 3261 1283 3327 sunt
1307 3255 1367 3350 qui
1387 3257 1606 3331 acerbissimo
1634 3283 1784 3344 moerore

270 3381 412 3478 lugeant
432 3377 521 3454 alius
546 3375 767 3450 lectissimum
800 3375 1002 3472 coniugem,
1043 3372 1131 3447 alius
1168 3373 1307 3446 fratrem
1343 3374 1409 3448 sibi
1442 3377 1784 3467 coniunctissimum,

271 3499 360 3573 alius
393 3506 429 3570 ct
459 3497 533 3595 ipse
565 3502 702 3594 propter
733 3493 966 3568 valetudinem
999 3493 1148 3590 graviter
1174 3492 1331 3567 affectam
1365 3493 1490 3568 absens
1522 3495 1785 3572 dilectissimum

271 3617 434 3691 omnibus
461 3638 626 3713 generum
648 3613 684 3687 in
709 3613 792 3687 flore
823 3612 945 3688 aetatis
970 3621 1118 3710 raptum.
1172 3611 1250 3685 Hoc
1276 3636 1414 3710 quoque
1436 3613 1481 3686 sit
1505 3615 1640 3690 afflictis
1664 3618 1785 3694 solatio

273 3735 367 3835 quod
387 3761 429 3810 ex
453 3734 568 3809 animo
587 3733 737 3831 collegae
762 3757 882 3807 omnes
902 3732 1034 3807 illorem
1061 3732 1169 3806 vicem
1195 3755 1263 3806 una
1286 3731 1463 3804 dolemusl

317 3855 420 3930 nuos
455 3853 613 3927 emeritos
646 3853 868 3950 professores,
907 3851 1116 3926 venerabiles
1149 3875 1213 3925 van
1245 3850 1385 3948 Hengel
1416 3861 1451 3924 et
1483 3853 1595 3950 Pruys
1628 3879 1691 3928 ven
1725 3856 1786 3929 der

275 3973 438 4059 Hoeven,
463 3972 663 4071 superstites
694 3996 768 4045 csse
801 3972 1011 4071 gaudemus,
1041 3980 1077 4043 ct
1112 3970 1242 4045 utinam
1269 3970 1331 4043 diu
1357 3972 1460 4044 etiem
1489 3973 1589 4044 nobis
1612 3975 1786 4071 supersint

275 4101 386 4168 aetate
417 4117 532 4178 senes,
572 4091 712 4165 iuvenes
747 4093 879 4180 animo,
916 4091 1044 4188 quibus
1074 4115 1126 4164 res
1158 4090 1352 4164 academica
1381 4089 1475 4164 cordi
1510 4116 1680 4191 curaeque
1714 4104 1786 4183 cst,

276 4213 406 4311 quiquo
432 4211 570 4310 collegis
594 4210 787 4285 iunioribus
811 4211 898 4286 vitae
924 4210 1011 4285 bene
1032 4219 1127 4284 cetae
1152 4209 1326 4306 exemplar
1356 4210 1606 4307 praebuerunt!

326 4332 418 4405 Sunt
437 4331 565 4429 quibus
583 4331 661 4403 novi
682 4330 826 4404 honores
846 4330 1061 4428 obtigerunt,
1087 4329 1215 4427 quibus
1231 4329 1446 4426 gratulemur
1463 4354 1582 4404 omues
1599 4339 1634 4404 et
1652 4339 1789 4428 propter

277 4475 496 4526 communem
528 4449 738 4548 collegarum
768 4451 858 4526 inter
885 4475 922 4526 se
950 4449 1126 4524 earitmem
1157 4458 1192 4522 et
1220 4449 1301 4545 quia
1338 4447 1551 4546 singulorum
1580 4450 1787 4523 honoresin

224 4607 232 4620 ·
278 4592 497 4644 communem
521 4567 728 4643 Academiae
754 4569 968 4667 splendorem
989 4567 1193 4643 redundant.

328 4691 452 4788 ltaque
477 4689 556 4763 'llbi
581 4689 731 4788 primum
756 4688 989 4787 gratulamur,
1014 4689 1055 4762 el.
1080 4687 1197 4771 Prius,
1234 4684 1330 4782 quod
1349 4683 1394 4758 ab
1413 4685 1673 4783 Angustissimo
1692 4687 1788 4784 Rege

281 4819 396 4884 nostro
421 4808 551 4883 ordinis
573 4807 698 4882 Leonis
718 4807 936 4882 Neerlendiei
957 4807 1106 4907 insignio
1128 4804 1306 4904 accepisti,
1333 4812 1368 4878 et
1391 4805 1433 4880 cl.
1458 4805 1626 4904 Pluygers
1649 4808 1706 4880 cui
1732 4829 1791 4880 rex
