4918 6174
1174 665 1276 733 scra
1290 649 1351 732 'm
1374 665 1505 732 oesrs
1531 665 1574 730 rr
1597 662 1764 730 ssssro.

930 870 1118 950 candidati
1141 895 1161 948 e
1186 870 1318 971 quibus
1342 871 1492 974 eligatur
1514 871 1722 962 Aetomius,
1747 875 1830 948 suni
1854 869 1935 948 einr.

1219 991 1278 1068 W.
1302 993 1342 1068 P.
1369 993 1413 1066 R.
1440 991 1627 1092 Soringer,

1217 1113 1262 1188 R.
1288 1113 1328 1191 P.
1353 1113 1398 1188 A.
1423 1113 1541 1211 Dory,

1217 1232 1262 1308 R.
1290 1255 1354 1307 van
1379 1231 1533 1308 Bonesal
1554 1231 1687 1320 Parare,

967 1435 971 1443 ,
1216 1353 1262 1426 Α.
1287 1351 1477 1451 Heynsios.

928 1469 1065 1546 Placuit
1083 1478 1124 1544 ut
1142 1493 1231 1545 novo
1252 1471 1393 1546 Raetori
1412 1469 1601 1572 Magnifice
1620 1471 1822 1546 Assessorea
1841 1469 2052 1546 adderentur
2069 1467 2134 1543 riri
2156 1467 2240 1544 olor.

1218 1595 1264 1667 A.
1289 1591 1331 1666 Ε.
1358 1591 1478 1665 Simon
1503 1590 1673 1678 Thomas,
2145 1638 2147 1654 ·

1218 1710 1254 1784 S.
1281 1709 1481 1810 Vissering,

1185 1923 1190 1932 ¹
1220 1830 1250 1904 Ι.
1275 1829 1306 1905 I.
1333 1831 1453 1920 Prios,

1217 1949 1258 2024 F.
1284 1951 1420 2026 Keiser.

713 2066 782 2142 Dia
830 2067 925 2142 8m.
950 2064 1140 2140 Februarii.
1200 2067 1382 2143 Reoiiaim
1417 2068 1524 2170 Regis
1563 2067 1739 2142 decretum
1770 2067 1805 2142 d.
1818 2067 1865 2142 ·d.
1899 2069 1922 2142 2
1956 2065 2058 2142 liebr.
2097 2087 2182 2166 qoov
2201 2065 2241 2140 m

879 2209 1010 2262 sonum
1044 2185 1223 2262 ineuntem
1261 2187 1470 2263 Academiae
1503 2188 1629 2263 Raetor
1658 2186 1872 2289 Magnificus
1903 2193 2039 2263 orantur
2070 2187 2122 2262 vir
2155 2187 2237 2263 alar.

877 2307 924 2384 R.
949 2307 990 2384 P.
1015 2307 1060 2383 A.
1081 2307 1201 2408 Doay,
1224 2307 1261 2382 in
1284 2307 1464 2384 Faoultsie
1487 2306 1576 2382 Phil.
1601 2306 1724 2382 Phaor.
1749 2313 1784 2382 et
1807 2306 1892 2382 Lis.
1919 2305 2031 2382 Hom.
2061 2305 2238 2382 Professor

885 2425 1092 2502 ordinarius.
1137 2427 1265 2503 Rector
1298 2428 1512 2528 Magnificus
1538 2426 1642 2502 refert
1662 2427 1699 2502 in
1723 2434 1896 2503 convento
1922 2425 2132 2502 Curstorum
2158 2449 2236 2502 eum

877 2547 1025 2622 Reotore
1057 2547 1248 2648 Magnifieo
1271 2555 1307 2622 ai
1327 2545 1571 2623 Asseasoribua
1594 2571 1614 2622 e
1637 2553 1787 2646 qustuor
1812 2545 2007 2622 candidatis
2028 2545 2235 2622 Actuarium

876 2665 914 2744 in
937 2689 1067 2742 annum
1091 2667 1289 2766 proximum
1318 2675 1469 2742 meatum
1495 2690 1570 2742 ease
1598 2665 1710 2742 virum
1733 2666 1814 2744 olar.
1841 2665 1901 2744 W.
1924 2667 1964 2742 P.
1988 2666 2034 2742 R.
2056 2665 2234 2766 Suringar.

929 2784 1058 2858 Rector
1093 2785 1306 2886 Msgnifious
1339 2811 1420 2862 oum
1456 2787 1587 2861 Senatu
1621 2792 1658 2860 et
1693 2785 1836 2887 reliquia
1867 2785 2123 2863 Professoeibus
2160 2787 2236 2861 dos·

878 2901 995 2978 oendit
1027 2902 1076 2978 in·
1104 2905 1316 2980 auditorium
1351 2905 1465 2981 maius
1498 2911 1534 2980 et
1566 2930 1610 2980 ex
1641 2905 1805 2983 cathedra
1836 2907 2023 2984 emtionem
2058 2907 2165 2983 habet
2194 2907 2236 2981 de

878 3023 1114 3100 consuetudine
1147 3025 1336 3100 botanicum
1369 3028 1460 3101 inter
1492 3033 1528 3101 et
1561 3027 1740 3101 imaeue
1764 3029 1959 3104 societates
1980 3035 2025 3103 et·
2041 3029 2236 3128 &eupliam

879 3144 1101 3218 academicos.
1165 3145 1251 3219 Mor
1292 3146 1458 3221 enarretis
1494 3145 1703 3221 Academiae
1737 3145 1838 3238 satis,
1874 3147 2086 3226 solemnibus
2127 3146 2235 3224 verbis

877 3261 1119 3360 magistratum
1149 3265 1256 3362 ponit.

929 3381 1070 3456 Novum
1107 3383 1288 3460 Rectorem
1324 3385 1553 3486 Magnificum
1587 3385 1803 3461 Professores
1829 3385 2008 3463 deducunt
2039 3397 2075 3464 et
2104 3387 2233 3488 peroffi-

880 3497 970 3572 ciose
997 3499 1159 3577 salutant.
