4864 6180
717 651 792 717 titre
1324 648 1364 716 G.
1395 647 1652 714 uaesana

721 867 769 934 ct
794 857 909 960 uiget,
942 855 1148 934 sedfaatatis
1169 856 1294 946 coust,
1316 857 1395 956 lege
1417 856 1560 931 iubente
1575 855 1668 930 rude
1682 855 1841 930 donatus
1867 861 1930 932 eat.
1973 856 2148 930 ‹antulor
2162 855 2247 946 tibi,

724 979 863 1054 ›Nestor
885 977 1202 1064 uealumatissime,
1228 976 1282 1050 «da
1312 975 1383 1050 otio
1411 993 1493 1050 unm
1525 974 1698 1073 dignitate
1724 984 1802 1073 post
1823 975 1932 1050 uitem
1955 975 2165 1052 laboriosam
2185 978 2249 1052 tibi

732 1123 903 1174 concesso.
955 1097 1118 1171 Gratulor
1142 1095 1309 1194 :inprimis
1324 1097 1377 1170 de
1403 1095 1510 1170 animi
1528 1095 1669 1194 uigore,
1702 1095 1745 1170 de
1768 1096 1945 1184 sollertia,
1974 1097 2017 1171 de
2031 1096 2174 1172 saumis
2188 1098 2247 1172 iu·

727 1219 825 1318 genii
849 1217 999 1291 dotibus
1028 1216 1083 1292 tad
1117 1215 1212 1290 bunc
1236 1216 1470 1314 usquedum
1501 1215 1688 1313 perpetuis.
1748 1216 1840 1290 Nam
1867 1239 1936 1290 non
1955 1215 2109 1315 ⁴quiesrr'c
2127 1227 2172 1290 ..ug
2194 1218 2247 1293 ille

730 1338 838 1413 Ennii
862 1361 1000 1436 equus,
1033 1337 1170 1434 raspatio
1203 1337 1263 1433 qui
1296 1355 1402 1434 saepe
1421 1360 1590 1434 supremo
1612 1335 1697 1410 ‹vioit
1720 1335 1907 1434 Olympie”
1931 1336 2031 1410 senio
2051 1336 2246 1426 confectae,

719 1460 793 1536 aad
818 1467 964 1534 tantum
989 1458 1072 1558 :lege
1099 1457 1258 1531 iubente.
1309 1454 1550 1552 Quadraginta
1582 1461 1618 1527 et
1641 1453 1776 1552 septem
1799 1478 1908 1527 anuos
1925 1454 2085 1552 rprimum
2109 1456 2245 1546 leodii„

721 1577 857 1654 rdeinde
885 1578 1052 1665 Traiecti,
1085 1601 1167 1652 cum
1193 1576 1373 1663 docendo,
1405 1584 1482 1648 tum
1508 1574 1747 1672 inuestigeudo
1770 1573 1924 1672 probasti
1942 1574 2036 1674 quid
2063 1575 2174 1650 valeat
2199 1577 2246 1651 iu·

727 1699 886 1788 dustria,
919 1721 1001 1772 cum
1019 1697 1220 1772 'eruditione
1246 1705 1281 1771 et
1305 1697 1491 1796 sagacitate
1514 1694 1711 1792 conjuuotc.
1762 1694 1919 1768 Gratiam
1946 1694 2010 1768 tihi
2033 1694 2140 1769 habet
2162 1698 2244 1770 Aon-

729 1821 844 1894 demia
878 1817 1232 1904 Rheno-Traiectiua,
1268 1817 1312 1890 de
1346 1841 1416 1915 qna
1446 1815 1576 1914 optime
1602 1815 1745 1890 meritus
1769 1814 1997 1912 es,grrstiam
2020 1815 2094 1889 tibi
2124 1815 2246 1890 hubert
2288 1883 2291 1892 .

729 1939 905 2014 numerosi
940 1937 1120 2035 discipuli,
1154 1936 1305 2036 diligunt
1337 1945 1372 2010 et
1403 1937 1522 2033 magui
1547 1947 1581 2008 te
1606 1935 1738 2008 iaciunt
1762 1933 1966 2008 excellentes
1991 1935 2113 2022 amici,
2139 1936 2245 2034 suspi-

727 2059 828 2133 ciunt
865 2066 901 2132 et
928 2067 1140 2130 uenerantur
1175 2057 1374 2154 quicunque
1404 2067 1444 2129 ue
1476 2055 1708 2154 cognoverint.
1767 2053 1821 2127 Ol
1852 2077 1980 2151 quem.
1998 2063 2090 2129 recte
2124 2055 2245 2130 diceret

720 2179 849 2276 poeta,
875 2195 943 2250 acu
970 2174 1191 2274 Olympicum
1215 2176 1280 2250 sad
1305 2176 1393 2249 vitae
1411 2183 1500 2249 tuae
1524 2173 1732 2248 curriculum
1760 2195 1906 2248 canens:

1025 2325 1034 2330 ·
1454 2294 1638 2393 palmaque
1662 2293 1790 2366 nobilis

1068 2455 1070 2460 ·
1139 2417 1321 2490 aerarum
1345 2414 1504 2488 dominos
1531 2413 1710 2487 evehitad
1736 2413 1830 2488 deos.

694 2591 698 2599 .
775 2539 879 2612 amat
911 2536 1110 2612 meminisse
1142 2536 1328 2635 Belgarum
1352 2534 1625 2634 gratitudinem,
1659 2559 1729 2630 qua
1747 2558 1880 2632 nuper,
1901 2533 2044 2607 demine
2060 2553 2242 2607 mortuom

716 2658 916 2756 rprchcnte,
948 2657 988 2730 rin
1021 2656 1184 2731 ordinem
1221 2665 1415 2753 equestrem
1444 2663 1591 2728 euectus
1621 2679 1685 2742 as,
1720 2653 1939 2751 eleopoldo
1959 2654 1982 2725 :1
2006 2654 2242 2728 coustitutum

727 2779 830 2851 Iuvat
861 2777 1020 2873 inprimis
1054 2777 1348 2874 septuagesimum
1371 2775 1478 2847 :illum
1510 2773 1661 2847 natdem
1685 2773 1721 2847 iu
1749 2773 1950 2848 memoriam
1969 2780 2071 2848 tunm
2095 2791 2243 2848 revocare

728 2917 799 2995 quo
831 2903 1003 2994 quantum
1023 2897 1189 2970 :alumnos
1223 2896 1287 2968 tibi
1318 2894 1530 2983 devinxeris,
1552 2893 1728 2990 ·euquisita
1748 2894 1984 2993 delegatorum
2011 2893 2243 2968 coronarmiri·

718 3018 792 3092 ›iice
817 3013 1041 3114 significavit
1091 3017 1194 3091 Furit
1226 3013 1327 3090 neus
1354 3025 1399 3088 art
1434 3039 1495 3112 per
1528 3014 1667 3112 longam
1698 3039 1869 3088 annorum
1909 3015 2032 3090 seriem
2056 3015 2145 3088 illius
2170 3015 2244 3087 diei

723 3139 915 3212 secundatio
951 3137 1155 3212 tselicitatem
1196 3145 1292 3210 tuam
1332 3144 1479 3233 augeat3
1521 3141 1561 3207 ut
1596 3134 1740 3233 ingenio
1770 3134 2021 3233 doctrinaque,
2053 3134 2243 3208 minoribus

717 3259 832 3333 'etiem
858 3260 897 3332 in
918 3258 1080 3346 circulis,
1108 3257 1365 3356 disciplinarum
1391 3254 1580 3329 cultoribus
1610 3255 1772 3353 prodesse
1790 3279 1936 3354 pergas,
1968 3266 2008 3328 ut
2030 3255 2242 3354 integritate,

727 3379 926 3466 honestate,
952 3379 1080 3477 pietate
1105 3403 1210 3475 quam
1234 3377 1428 3452 diutissime
1451 3375 1550 3449 uobis
1576 3375 1733 3473 exemplo
1760 3375 1825 3448 sisl

780 3615 853 3701 Te,
887 3614 1061 3688 carissime
1088 3614 1267 3702 blandam,
1293 3624 1336 3688 et
1364 3623 1524 3714 togatum
1562 3617 1661 3689 etin
1693 3615 1853 3689 hocloco
1880 3615 2056 3690 sedentem
2086 3616 2149 3690 ubi
2170 3635 2240 3689 oon·

721 3734 918 3832 spicimns,
957 3733 1093 3807 animus
1134 3735 1284 3808 exsultat
1322 3737 1460 3833 gaudio.
1524 3737 1696 3825 Quantam
1739 3735 1822 3810 haec
1858 3735 2046 3810 Academia
2080 3735 2241 3810 iactura·

720 3853 884 3939 desisset,
920 3852 950 3926 si
978 3875 1053 3927 mou
1080 3854 1293 3952 denegasses
1327 3855 1520 3929 illraiectnm
1549 3867 1762 3930 commutare
1784 3855 1980 3953 metropoli!
2019 3858 2134 3934 Quam
2152 3855 2242 3928 *berre

725 3973 796 4047 uec
830 3974 935 4048 etiam
971 3995 1061 4046 anuo
1089 3973 1133 4046 de
1155 3975 1235 4073 ipsa
1250 3973 1400 4048 meritas
1419 3977 1479 4048 eal
1515 3976 1591 4048 ruo
1616 3976 1737 4063 modo,
1756 3975 1799 4048 id
1824 3985 1894 4049 est:
1920 3975 2099 4074 perspicue
2124 3983 2159 4049 et
2174 3975 2241 4048 ele·

716 4100 850 4190 ··ganter
878 4093 1159 4192 gravissimisque
1191 4095 1406 4192 argumentis
1428 4095 1674 4170 demonstrasti
1690 4095 1920 4170 Academiam
1946 4095 2241 4170 Rheno-maioea

719 4235 808 4286 mam
840 4213 1050 4287 militaribus
1072 4214 1184 4287 etiem
1219 4215 1363 4288 medicis
1386 4215 1611 4290 informandis
1637 4225 1672 4289 et
1696 4226 1811 4312 aptam
1831 4225 1869 4289 et
1888 4215 2133 4290 destinandam
2156 4239 2240 4289 esse.

724 4332 915 4406 seminini
942 4355 1022 4410 cum
1049 4333 1191 4407 tordinss
1217 4334 1411 4431 generales,
1436 4346 1515 4408 ¹tum
1552 4336 1644 4434 ipsos
1670 4336 1781 4409 etiam
1807 4335 2013 4433 reipublicae
2034 4335 2240 4434 praefectos,

716 4461 781 4540 st,
814 4453 868 4527 his
893 4452 1039 4550 'quidem
1072 4453 1397 4552 comprobantibus,
1432 4478 1492 4551 per
1516 4454 1633 4552 plures
1656 4455 1722 4528 iam
1749 4479 1883 4528 meuses
1911 4464 1951 4527 tu
1973 4461 2008 4528 et
2031 4453 2240 4553 ¹lrlrrrtiugitrs

727 4583 843 4646 noster
880 4573 1022 4647 Scholae
1059 4573 1217 4648 militaris
1252 4573 1429 4662 alumnos,
1463 4574 1596 4646 civibus
1631 4572 1834 4648 academicis
1870 4573 2077 4672 adscriptos,
2114 4575 2241 4672 optimo
2371 4611 2374 4620 =

717 4702 975 4780 comessura,
1001 4693 1095 4792 quod
1114 4694 1257 4792 utrique
1274 4694 1520 4792 gratulamur„
1546 4693 1721 4768 docuistis.
1767 4694 1907 4767 Utinam
1936 4694 2146 4791 aliquando,
2174 4709 2239 4766 nou

717 4811 871 4910 rpauim,
909 4822 947 4885 ut
968 4811 1110 4900 adbuc,
1146 4815 1207 4888 sad
1245 4823 1382 4904 atam,
1416 4817 1510 4912 quod
1537 4814 1685 4902 dedisti,
1721 4815 1901 4888 consilium
1928 4823 2103 4911 aequatus
2135 4812 2240 4886 adab
